Unnamed: 0,Unnamed: 1,Unnamed: 2,Unnamed: 3,Unnamed: 4,Unnamed: 5,Unnamed: 6,Unnamed: 7,Unnamed: 8,Unnamed: 9,Unnamed: 10,Unnamed: 11,Unnamed: 12,Unnamed: 13,Unnamed: 14,Unnamed: 15,Unnamed: 16,Unnamed: 17,Unnamed: 18,Unnamed: 19,Unnamed: 20,Unnamed: 21,Unnamed: 22,Unnamed: 23,Unnamed: 24,Unnamed: 25,Unnamed: 26,Unnamed: 27,Unnamed: 28,Unnamed: 29,Unnamed: 30,Unnamed: 31,Unnamed: 32,Unnamed: 33,Unnamed: 34,Unnamed: 35,Unnamed: 36,Unnamed: 37,Unnamed: 38,Unnamed: 39,Unnamed: 40,Unnamed: 41,Unnamed: 42,Unnamed: 43
BYD Co Ltd (1211 HK) - By Measure,,,,,,,,,,,,,,,,,,,,,,,,,,,,,,,,,,,,,,,,,,,
,,,,,,,,,,,,,,,,,,,,,,,,,,,,,,,,,,,,,,,,,,,
In Millions of CNY except Per Share,,FY 2003,,FY 2004,,FY 2005,,FY 2006,,FY 2007,,FY 2008,,FY 2009,,FY 2010,,FY 2011,,FY 2012,,FY 2013,,FY 2014,,FY 2015,,FY 2016,,FY 2017,,FY 2018,,FY 2019,,FY 2020,,FY 2021,,FY 2022,,FY 2023,
12 Months Ending,,12/31/2003,,12/31/2004,,12/31/2005,,12/31/2006,,12/31/2007,,12/31/2008,,12/31/2009,,12/31/2010,,12/31/2011,,12/31/2012,,12/31/2013,,12/31/2014,,12/31/2015,,12/31/2016,,12/31/2017,,12/31/2018,,12/31/2019,,12/31/2020,,12/31/2021,,12/31/2022,,12/31/2023,
Revenue,,4063.27,1.0,6425.753,1.0,6498.33,1.0,12938.917,1.0,21211.213,1.0,26788.253,1.0,39469.454,1.0,46685.349,1.0,46312.282,1.0,44380.858,1.0,49767.887,1.0,55366.384,1.0,77611.985,1.0,100207.703,1.0,105914.702,1.0,130054.707,1.0,121778.117,1.0,153469.184,1.0,216142.395,1.0,424060.635,1.0,602315.354,1.0
"  Automobiles, Related Products & Other Products",,—,,—,,—,,—,,—,,—,,—,,—,,—,,—,,—,,—,,—,,—,,—,,—,,—,,—,,128960.45,0.596645789920113,324691.175,0.765671576660258,483453.318,0.802658133798794
"  Mobile Handset Components, Assembly & Other Products",,—,,—,,—,,—,,—,,—,,—,,—,,—,,—,,—,,—,,—,,—,,40473.22,0.382130329744024,42229.944,0.324709078003613,—,,—,,86454.452,0.399988405791469,98815.054,0.233021048982771,118576.91,0.196868482950876
  Others,,—,,—,,—,,—,,—,,—,,—,,—,,—,,—,,—,,—,,—,,—,,50.52,0.000476987604610359,2867.988,0.0220521660934579,—,,—,,727.493,0.00336580428841829,554.406,0.00130737435697138,285.126,0.000473383250329694
  Mobile Handset Components Assembly & Other Products,,—,,939.395,0.146192205022509,1906.298,0.293351984279038,5134.509,0.3968267977915,9186.864,0.433113561209347,11933.013,0.44545693218591,14396.593,0.364752778186392,20553.382,0.440253365140314,19556.707,0.422279061955962,17155.458,0.386550841355974,19459.26,0.391000325169521,24116.254,0.435575745744927,32928.119,0.424265904293003,38082.566,0.380036313176443,—,,—,,52522.29,0.431294975598941,59354.468,0.386751701240557,—,,—,,—,
    Rendering Of Services,,—,,—,,—,,—,,—,,—,,—,,—,,—,,—,,—,,—,,—,,—,,—,,—,,—,,14.844,9.67230007556436e-05,—,,—,,—,
    Goods & Construction Services,,—,,—,,—,,—,,—,,—,,—,,—,,—,,—,,—,,—,,—,,—,,—,,—,,—,,59339.624,0.386654978239801,—,,—,,—,
  Rechargeable Batteries & Photovoltaic Products,,3553.552,0.874554730549533,5097.037,0.793220187579572,3963.438,0.60991639390428,4567.393,0.352996545228631,7149.237,0.337049889603202,6207.557,0.231726831906508,4081.494,0.103408929852437,4581.758,0.0981412391283612,4620.074,0.0997591524425421,4674.513,0.105327233646542,5018.123,0.100830541590002,4980.119,0.0899484243002035,5750.007,0.0740865859828221,7103.045,0.0708832234184631,—,,—,,9718.5,0.0798049784264606,11704.632,0.0762669852991464,—,,—,,—,
    Rendering Of Services,,—,,—,,—,,—,,—,,—,,—,,—,,—,,—,,—,,—,,—,,—,,—,,—,,—,,31.354,0.000204301601030211,—,,—,,—,
    Goods & Construction Services,,—,,—,,—,,—,,—,,—,,—,,—,,—,,—,,—,,—,,—,,—,,—,,—,,—,,11673.278,0.0760626836981162,—,,—,,—,
  Automobile & Related Products,,509.718,0.125445269450467,389.321,0.060587607397919,628.594,0.0967316218166821,3232.178,0.24980282352843,4871.993,0.229689504320192,8645.898,0.322749602223034,20991.093,0.531831349883887,21550.209,0.461605395731325,22135.501,0.477961785601495,22550.887,0.508121924997484,25290.504,0.508169133240477,26270.011,0.474475829954869,38933.859,0.501647509724175,55022.092,0.549080463405094,—,,—,,59537.327,0.488900045974598,81957.889,0.534034826170705,—,,—,,—,
    Rendering Of Services,,—,,—,,—,,—,,—,,—,,—,,—,,—,,—,,—,,—,,—,,—,,—,,—,,79.675,0.000654263688442481,423.586,0.00276007201549987,—,,—,,—,
    Goods & Construction Services,,—,,—,,—,,—,,—,,—,,—,,—,,—,,—,,—,,—,,—,,—,,—,,—,,59457.652,0.488245782286156,81534.303,0.531274754155206,—,,—,,—,
  Automobiles & Related Products & Other Products,,—,,—,,—,,—,,—,,—,,—,,—,,—,,—,,—,,—,,—,,—,,56624.341,0.534622105626091,76006.859,0.584422207802137,—,,—,,—,,—,,—,
  Rechargeable Battery & Photovoltaic Business,,—,,—,,—,,—,,—,,—,,—,,—,,—,,—,,—,,—,,—,,—,,8766.621,0.0827705770252745,8949.916,0.0688165481007927,—,,—,,—,,—,,—,
  Corporate & Others,,—,,—,,—,,4.837,0.00037383345143956,3.119,0.000147044867259595,1.785,6.66336845482234e-05,0.274,6.94207728335943e-06,0,,0,,0,,0,,0,,0,,0,,—,,—,,0,,452.195,0.00294648728959163,—,,—,,—,
Revenue by Distribution Channel,,—,,—,,—,,—,,—,,—,,—,,—,,—,,—,,—,,—,,—,,—,,—,,—,,—,,—,,216142.395,1.0,424060.635,1.0,602315.354,1.0
  Distribution Sales,,—,,—,,—,,—,,—,,—,,—,,—,,—,,—,,—,,—,,—,,—,,—,,—,,—,,—,,83116.069,0.384543111035667,236339.026,0.557323661980556,310690.329,0.515826679390942
  Direct Sales,,—,,—,,—,,—,,—,,—,,—,,—,,—,,—,,—,,—,,—,,—,,—,,—,,—,,—,,133026.326,0.615456888964333,187721.609,0.442676338019444,291625.025,0.484173320609058
Intersegment Revenue,,—,,—,,—,,—,,—,,142.952,1.0,494.236,1.0,688.637,1.0,1444.577,1.0,2412.297,1.0,1658.718,1.0,3943.662,1.0,9684.716,1.0,12554.503,1.0,—,,—,,15438.372,1.0,27416.139,1.0,6548.757,1.0,12737.054,1.0,18631.994,1.0
"  Mobile Handset Components, Assembly & Other Products",,—,,—,,—,,—,,—,,—,,—,,—,,—,,—,,—,,—,,—,,—,,—,,—,,—,,—,,3362.461,0.513450262393306,8765.31,0.688174047154075,12851.64,0.689761922422259
"  Automobiles, Related Products & Other Products",,—,,—,,—,,—,,—,,—,,—,,—,,—,,—,,—,,—,,—,,—,,—,,—,,—,,—,,3186.296,0.486549737606694,3971.744,0.311825952845925,5780.354,0.310238077577741
  Mobile Handset Components Assembly & Other Products,,—,,—,,—,,—,,—,,129.429,0.905401813196038,235.301,0.476090369782857,405.914,0.589445527905123,626.528,0.433710352580721,637,0.264063670435274,601.337,0.362531183721404,815.22,0.206716498523454,1256.601,0.129750939521613,983.803,0.0783625604295128,—,,—,,1697.354,0.109943846410749,14844.929,0.541466798078314,—,,—,,—,
  Rechargeable Batteries & Photovoltaic Products,,—,,—,,—,,—,,—,,3.807,0.0266313168056411,239.245,0.484070363146351,195.028,0.283208715186666,751.941,0.52052677012025,1731.175,0.717645878596209,928.561,0.55980642882033,2957.02,0.749815780358459,7938.761,0.819720578280251,10764.415,0.857414666275519,—,,—,,12012.976,0.778124532819911,10384.321,0.378766718391674,—,,—,,—,
  Automobile & Related Products,,—,,—,,—,,—,,—,,9.716,0.0679668699983211,19.69,0.0398392670707921,87.695,0.127345756908211,66.108,0.0457628772990294,44.122,0.0182904509685167,128.82,0.077662387458266,171.422,0.0434677211180877,489.354,0.0505284821981357,806.285,0.0642227732949683,—,,—,,1728.042,0.11193162076934,2186.889,0.0797664835300113,—,,—,,—,
Revenue Including Intersegment Revenue,,—,,—,,—,,—,,—,,—,,—,,—,,—,,—,,—,,—,,—,,—,,—,,—,,—,,—,,222691.152,1.0,436797.689,1.0,620947.348,1.0
"  Automobiles, Related Products & Other Products",,—,,—,,—,,—,,—,,—,,—,,—,,—,,—,,—,,—,,—,,—,,—,,—,,—,,—,,132146.746,0.593408156602468,328662.919,0.75243740357793,489233.672,0.787882698228385
"  Mobile Handset Components, Assembly & Other Products",,—,,—,,—,,—,,—,,—,,—,,—,,—,,—,,—,,—,,—,,—,,—,,—,,—,,—,,89816.913,0.403325018499163,107580.364,0.246293345201284,131428.55,0.211658122743122
  Others,,—,,—,,—,,—,,—,,—,,—,,—,,—,,—,,—,,—,,—,,—,,—,,—,,—,,—,,727.493,0.00326682489836866,554.406,0.00126925122078656,285.126,0.000459179028493089
Percentage of Revenue,,—,,—,,—,,—,,—,,—,,—,,—,,—,,—,,—,,—,,—,,—,,—,,—,,—,,—,,—,,—,,—,
"  Automobiles, Related Products & Other Products",,—,,—,,—,,—,,—,,—,,—,,—,,—,,—,,—,,—,,—,,—,,—,,—,,—,,—,,59.66,,76.57,,80.27,
"  Mobile Handset Components, Assembly & Other Products",,—,,—,,—,,—,,—,,—,,—,,—,,—,,—,,—,,—,,—,,—,,38.21,,32.47,,—,,—,,40,,23.3,,19.68,
  Others,,—,,—,,—,,—,,—,,—,,—,,—,,—,,—,,—,,—,,—,,—,,0.05,,2.21,,—,,—,,0.34,,0.13,,0.05,
  Mobile Handset Components Assembly & Other Products,,—,,—,,—,,—,,—,,—,,—,,—,,—,,—,,—,,—,,—,,38,,—,,—,,43,,38.68,,—,,—,,—,
  Rechargeable Batteries & Photovoltaic Products,,—,,—,,—,,—,,—,,—,,—,,—,,—,,—,,—,,—,,—,,7,,—,,—,,8,,7.63,,—,,—,,—,
  Automobile & Related Products,,—,,—,,—,,—,,—,,—,,—,,—,,—,,—,,—,,—,,—,,55,,—,,—,,49,,53.4,,—,,—,,—,
  Automobiles & Related Products & Other Products,,—,,—,,—,,—,,—,,—,,—,,—,,—,,—,,—,,—,,—,,—,,53.46,,58.44,,—,,—,,—,,—,,—,
  Rechargeable Battery & Photovoltaic Business,,—,,—,,—,,—,,—,,—,,—,,—,,—,,—,,—,,—,,—,,—,,8.28,,6.88,,—,,—,,—,,—,,—,
Cost of Revenue,,—,,—,,—,,—,,—,,—,,—,,—,,—,,—,,—,,—,,—,,82400.9,1.0,85775.482,1.0,108725.343,1.0,—,,—,,187997.689,1.0,351815.68,1.0,480558.35,1.0
"  Automobiles, Related Products & Other Products",,—,,—,,—,,—,,—,,—,,—,,—,,—,,—,,—,,—,,—,,—,,—,,—,,—,,—,,107431.402,0.571450652247113,258498.937,0.73475672545351,372156.503,0.774425213920432
    Main Business,,—,,—,,—,,—,,—,,—,,—,,—,,—,,—,,—,,—,,—,,—,,—,,—,,—,,—,,103546.627,0.550786701425888,252374.577,0.717348860062178,363707.989,0.756844593377683
    Other Business,,—,,—,,—,,—,,—,,—,,—,,—,,—,,—,,—,,—,,—,,—,,—,,—,,—,,—,,3884.775,0.0206639508212253,6124.36,0.0174078653913322,8448.514,0.0175806205427499
"  Mobile Handset Components, Assembly & Other Products",,—,,—,,—,,—,,—,,—,,—,,—,,—,,—,,—,,—,,—,,—,,35175.832,0.410091918807288,36911.584,0.339493838156942,—,,—,,79906.532,0.425039969507285,92828.631,0.263855866230863,108165.634,0.225083247434989
    Main Business,,—,,—,,—,,—,,—,,—,,—,,—,,—,,—,,—,,—,,—,,—,,34890.696,0.406767705484884,36662.064,0.337198881037331,—,,—,,79607.13,0.423447386100581,92465.733,0.262824365872493,107647.205,0.224004441916367
    Other Business,,—,,—,,—,,—,,—,,—,,—,,—,,—,,—,,—,,—,,—,,—,,285.136,0.00332421332240371,249.52,0.00229495711961102,—,,—,,299.402,0.00159258340670347,362.898,0.00103150035836947,518.429,0.00107880551862224
  Others,,—,,—,,—,,—,,—,,—,,—,,—,,—,,—,,—,,—,,—,,—,,43.255,0.000504281631434027,2739.095,0.0251927924476633,—,,—,,659.755,0.00350937824560173,488.112,0.00138740831562709,236.213,0.000491538644578749
    Other Business,,—,,—,,—,,—,,—,,—,,—,,—,,—,,—,,—,,—,,—,,—,,—,,—,,—,,—,,—,,—,,235.558,0.000490175646724274
    Main Business,,—,,—,,—,,—,,—,,—,,—,,—,,—,,—,,—,,—,,—,,—,,—,,—,,—,,—,,—,,—,,0.655,1.3629978544749e-06
  Mobile Handset Components Assembly & Other Products,,—,,—,,—,,—,,—,,—,,—,,—,,—,,—,,—,,—,,—,,35194.253,0.427110055836769,—,,—,,—,,—,,—,,—,,—,
  Rechargeable Batteries & Photovoltaic Products,,—,,—,,—,,—,,—,,—,,—,,—,,—,,—,,—,,—,,—,,6277.733,0.0761852479766604,—,,—,,—,,—,,—,,—,,—,
  Automobile & Related Products,,—,,—,,—,,—,,—,,—,,—,,—,,—,,—,,—,,—,,—,,40909.356,0.496467344410073,—,,—,,—,,—,,—,,—,,—,
  Automobiles & Related Products & Other Products,,—,,—,,—,,—,,—,,—,,—,,—,,—,,—,,—,,—,,—,,—,,42860.057,0.499677250429208,60971.706,0.560786513223509,—,,—,,—,,—,,—,
    Other Business,,—,,—,,—,,—,,—,,—,,—,,—,,—,,—,,—,,—,,—,,—,,786.514,0.00916945007665477,1988.848,0.0182924049271567,—,,—,,—,,—,,—,
    Main Business,,—,,—,,—,,—,,—,,—,,—,,—,,—,,—,,—,,—,,—,,—,,42073.543,0.490507800352553,58982.858,0.542494108296352,—,,—,,—,,—,,—,
  Rechargeable Battery & Photovoltaic Business,,—,,—,,—,,—,,—,,—,,—,,—,,—,,—,,—,,—,,—,,—,,7696.338,0.0897265491320702,8102.958,0.0745268561718863,—,,—,,—,,—,,—,
    Other Business,,—,,—,,—,,—,,—,,—,,—,,—,,—,,—,,—,,—,,—,,—,,35.581,0.000414815506370457,123.19,0.00113303850418757,—,,—,,—,,—,,—,
    Main Business,,—,,—,,—,,—,,—,,—,,—,,—,,—,,—,,—,,—,,—,,—,,7660.757,0.0893117336256997,7979.768,0.0733938176676987,—,,—,,—,,—,,—,
  Corporate & Others,,—,,—,,—,,—,,—,,—,,—,,—,,—,,—,,—,,—,,—,,19.558,0.000237351776497587,—,,—,,—,,—,,—,,—,,—,
Cost of Revenue - Supplementary,,—,,—,,—,,—,,—,,—,,—,,—,,—,,—,,—,,—,,—,,—,,—,,—,,—,,—,,187997.689,1.0,351815.68,1.0,480558.35,1.0
  Direct Sales,,—,,—,,—,,—,,—,,—,,—,,—,,—,,—,,—,,—,,—,,—,,—,,—,,—,,—,,118878.108,0.632338134752284,164229.277,0.466804882033683,241197.478,0.501910908425585
  Distribution Sales,,—,,—,,—,,—,,—,,—,,—,,—,,—,,—,,—,,—,,—,,—,,—,,—,,—,,—,,69119.581,0.367661865247716,187586.403,0.533195117966317,239360.872,0.498089091574415
Gross Margin,,—,,—,,—,,—,,—,,—,,—,,—,,—,,—,,—,,—,,—,,—,,—,,—,,—,,—,,—,,—,,—,
"  Automobiles, Related Products & Other Products",,—,,—,,—,,—,,—,,—,,—,,—,,—,,—,,—,,—,,—,,—,,—,,—,,—,,—,,—,,20.39,,23.02,
"  Mobile Handset Components, Assembly & Other Products",,—,,—,,—,,—,,—,,—,,—,,—,,—,,—,,—,,—,,—,,—,,13.09,,12.59,,—,,—,,7.57,,6.06,,8.78,
  Automobiles & Related Products & Other Products,,—,,—,,—,,—,,—,,—,,—,,—,,—,,—,,—,,—,,—,,—,,24.31,,19.78,,—,,—,,—,,—,,—,
Operating Income,,—,,—,,—,,—,,—,,—,,—,,—,,2812.532,1.0,—,,—,,—,,—,,—,,—,,—,,—,,—,,—,,—,,—,
  Others - Non-Manufacturing Parts of the Group,,—,,—,,—,,—,,—,,—,,—,,—,,-0.004,-1.42220604067794e-06,—,,—,,—,,—,,—,,—,,—,,—,,—,,—,,—,,—,
  Battery and Other Products,,—,,—,,—,,—,,—,,—,,—,,—,,-121.524,-0.0432080417218364,—,,—,,—,,—,,—,,—,,—,,—,,—,,—,,—,,—,
  Mobile Handset Components,,—,,—,,—,,—,,—,,—,,—,,—,,1035.755,0.368264254415594,—,,—,,—,,—,,—,,—,,—,,—,,—,,—,,—,,—,
  Automobile and Related Products,,—,,—,,—,,—,,—,,—,,—,,—,,1898.305,0.674945209512283,—,,—,,—,,—,,—,,—,,—,,—,,—,,—,,—,,—,
Segment Profit,,—,,1171.004,1.0,735.356,1.0,1428.087,1.0,2085.069,1.0,1831.097,1.0,4817.252,1.0,3602.034,1.0,2812.532,1.0,1335.622,1.0,2050.166,1.0,2272.288,1.0,5955.828,1.0,13896.068,1.0,—,,—,,4950.339,1.0,9978.959,1.0,4518.003,1.0,21079.729,1.0,37268.637,1.0
"  Automobiles, Related Products & Other Products",,—,,—,,—,,—,,—,,—,,—,,—,,—,,—,,—,,—,,—,,—,,—,,—,,—,,—,,3136.474,0.694216891843587,18642.184,0.884365448910657,31107.896,0.834693686275675
"  Mobile Handset Components, Assembly & Other Products",,—,,—,,—,,—,,—,,—,,—,,—,,—,,—,,—,,—,,—,,—,,—,,—,,—,,—,,1843.256,0.407980251451803,1893.303,0.0898162874864283,4334.95,0.116316301022761
  Others,,—,,—,,—,,—,,—,,—,,—,,—,,—,,—,,—,,—,,—,,—,,—,,—,,—,,—,,-461.727,-0.10219714329539,544.242,0.0258182636029144,1825.791,0.0489900127015646
  Mobile Handset Components Assembly & Other Products,,—,,118.53,0.101220832721323,281.348,0.382601080293082,901.522,0.631279466867215,1072.742,0.514487530148882,683.053,0.373029391670676,775.707,0.161026867600034,1606.877,0.446102674211293,1035.755,0.368264254415594,438.136,0.328038921191774,1111.762,0.542279015455334,1405.719,0.618635929952541,1276.502,0.214328217671833,1745.929,0.12564194418162,—,,—,,1765.378,0.356617597299902,6260.67,0.627387085165898,—,,—,,—,
  Rechargeable Batteries & Photovoltaic Products,,—,,1100.618,0.939892604978292,571.053,0.776566724144496,411.114,0.287877419232862,755.862,0.362511744215659,644.274,0.351851376524564,529.252,0.109865956773696,252.35,0.0700576396558167,-121.524,-0.0432080417218364,-160.237,-0.119971818373761,101.571,0.0495428175084359,105.829,0.0465737617766762,987.745,0.165845118428538,6074.412,0.437131712366405,—,,—,,398.567,0.0805130719330535,809.9,0.0811607703769501,—,,—,,—,
  Automobile & Related Products,,—,,-48.144,-0.041113437699615,-117.045,-0.159167804437579,116.181,0.0813542872388027,257.348,0.123424212819816,503.582,0.275016561110635,3513.244,0.729304591082219,1742.896,0.483864394394945,1898.305,0.674945209512283,1057.723,0.791932897181987,825.287,0.402546427947786,758.238,0.333689215451562,3691.052,0.619737843335973,6074.412,0.437131712366405,—,,—,,2784.635,0.562514001566357,2906.979,0.291310847153496,—,,—,,—,
  Corporate & Others,,—,,—,,—,,-0.73,-0.000511173338879214,-0.883,-0.000423487184356969,0.188,0.000102670694124888,-0.951,-0.000197415455948744,-0.089,-2.47082620541616e-05,-0.004,-1.42220604067794e-06,0,,11.546,0.00563173908844455,2.502,0.0011010928192201,0.529,8.88205636563044e-05,1.315,9.4631085570393e-05,—,,—,,1.759,0.000355329200687064,1.41,0.000141297303656624,—,,—,,—,
Pretax Income,,—,,—,,—,,—,,—,,—,,—,,—,,—,,—,,—,,—,,—,,—,,—,,—,,—,,—,,4518.003,1.0,21079.729,1.0,37268.637,1.0
"  Automobiles, Related Products & Other Products",,—,,—,,—,,—,,—,,—,,—,,—,,—,,—,,—,,—,,—,,—,,—,,—,,—,,—,,3136.474,0.694216891843587,18642.184,0.884365448910657,31107.896,0.834693686275675
"  Mobile Handset Components, Assembly & Other Products",,—,,—,,—,,—,,—,,—,,—,,—,,—,,—,,—,,—,,—,,—,,—,,—,,—,,—,,1843.256,0.407980251451803,1893.303,0.0898162874864283,4334.95,0.116316301022761
  Others,,—,,—,,—,,—,,—,,—,,—,,—,,—,,—,,—,,—,,—,,—,,—,,—,,—,,—,,-461.727,-0.10219714329539,544.242,0.0258182636029144,1825.791,0.0489900127015646
Assets,,5577.894,1.0,8803.858,1.0,11213.354,1.0,16386.781,1.0,29288.491,1.0,32531.76,1.0,40735.597,1.0,53874.663,1.0,66881.036,1.0,70007.807,1.0,78014.834,1.0,94008.855,1.0,115485.755,1.0,145070.778,1.0,—,,—,,195641.593,1.0,201017.321,1.0,295780.147,1.0,493860.646,1.0,679547.67,1.0
"  Automobiles, Related Products & Other Products",,—,,—,,—,,—,,—,,—,,—,,—,,—,,—,,—,,—,,—,,—,,—,,—,,—,,—,,238336.286,0.805788652204571,419691.469,0.849817600165695,591428.013,0.870326011124429
"  Mobile Handset Components, Assembly & Other Products",,—,,—,,—,,—,,—,,—,,—,,—,,—,,—,,—,,—,,—,,—,,—,,—,,—,,—,,43371.219,0.146633299901633,54625.52,0.110609177796281,81841.877,0.120435814311599
  Others,,—,,—,,—,,—,,—,,—,,—,,—,,—,,—,,—,,—,,—,,—,,—,,—,,—,,—,,14072.642,0.0475780478937959,19543.657,0.0395732220380241,6277.78,0.00923817456397135
  Mobile Handset Components Assembly & Other Products,,—,,1243.535,0.141248870665565,2107.152,0.207519462532833,4645.229,0.334596164499678,13844.254,0.503262201776086,11397.811,0.371595430258926,13889.389,0.35636677506697,13222.035,0.258652790300065,18433.707,0.27888894530434,16129.44,0.235650817763756,19833.63,0.248071462924494,1405.719,0.0839403254872453,25953.481,0.221546732373878,25981.418,0.175737527883874,—,,—,,30341.049,0.148983262687232,37340.874,0.180603921702536,—,,—,,—,
  Rechargeable Batteries & Photovoltaic Products,,4371.112,0.783649169381849,5573.003,0.633018274488298,5639.915,0.555437922622983,4803.129,0.345969712364487,5275.423,0.191770607089425,5355.19,0.174591781892883,5773.634,0.148136921573513,9914.907,0.193957916547312,12620.12,0.190933487030807,13058.211,0.19078021931832,14352.431,0.179514720940789,14580.188,0.870633267662476,16768.931,0.143144646702808,20048.615,0.135608227295198,—,,—,,38231.539,0.187727834254318,37472.382,0.181239976995062,—,,—,,—,
  Automobile & Related Products,,1206.782,0.216350830618151,1987.32,0.225732854846137,2406.93,0.237042614844184,4170.314,0.300388004371649,8385.042,0.304810551648717,13916.273,0.453703211347835,19309.739,0.495439318087708,27981.856,0.547388138979712,35043.063,0.530176750683057,39258.525,0.573566318511298,41867.687,0.523665025683893,758.238,0.0452770038085833,67188.915,0.573544819286332,92021.966,0.622433803107047,—,,—,,123579.755,0.606812081612233,121710.398,0.588667935056273,—,,—,,—,
  Reconciliation,,—,,—,,1059.357,,2503.69,,1779.463,,1859.125,,1760.614,,2755.806,,784.092,,1561.45,,-1936.442,,77262.208,,-1661.001,,-2771.395,,—,,—,,-8012.485,,-5738.289,,—,,—,,—,
  Corporate & Others,,—,,—,,—,,264.419,0.0190461187641859,4.309,0.000156639485771726,3.361,0.000109576500356099,2.221,5.69852718088421e-05,0.059,1.15417291118227e-06,0.054,8.16981795709042e-07,0.181,2.64440662634536e-06,3897.528,0.0487487904508241,2.502,0.000149403041695451,7235.429,0.0617638016369826,9790.174,0.0662204417138809,—,,—,,11501.735,0.0564768214462172,10231.956,0.0494881662461299,—,,—,,—,
Liabilities,,2144.131,1.0,4700.168,1.0,6973.604,1.0,11019.14,1.0,9576.207,1.0,19194.388,1.0,21708.47,1.0,32723.587,1.0,42900.9,1.0,45863.436,1.0,53158.393,1.0,65114.418,1.0,79456.514,1.0,89661.415,1.0,—,,—,,133040.173,1.0,136563.409,1.0,191535.938,1.0,372470.809,1.0,529085.557,1.0
"  Automobiles, Related Products & Other Products",,—,,—,,—,,—,,—,,—,,—,,—,,—,,—,,—,,—,,—,,—,,—,,—,,—,,—,,134684.981,0.703183864116404,326023.534,0.875299556696267,449129.096,0.848878012370313
  Others,,—,,—,,—,,—,,—,,—,,—,,—,,—,,—,,—,,—,,—,,—,,—,,—,,—,,—,,37966.431,0.198220926038434,24426.577,0.0655798425266663,43927.607,0.0830255266257438
"  Mobile Handset Components, Assembly & Other Products",,—,,—,,—,,—,,—,,—,,—,,—,,—,,—,,—,,—,,—,,—,,—,,—,,—,,—,,18884.526,0.0985952098451623,22020.698,0.0591206007770665,36028.854,0.0680964610039431
  Mobile Handset Components Assembly & Other Products,,—,,1038.469,0.22094295352847,-102.467,-0.0397386102519851,1525.594,0.341991579746828,3718.079,0.388262179378537,3129.447,0.308767843003767,4660.504,0.253275789789916,3809.745,0.210639977034835,6662.83,0.261201582240631,5059.404,0.182043142470757,5127.041,0.0931473223856279,8563.595,0.236280103168017,12707.474,0.157543611433865,12525.256,0.137658770347309,—,,—,,13711.057,0.0978463069056583,20628.73,0.14705916214988,—,,—,,—,
  Rechargeable Batteries & Photovoltaic Products,,1345.683,0.627612305404847,2050.149,0.43618632355269,506.351,0.196372344654405,1579.734,0.354128114190128,2609.628,0.272511653100231,1637.359,0.161550525269418,1771.31,0.096262107963597,1813.153,0.100248837200559,2521.836,0.0988630286757103,3127.24,0.112521671892628,2677.454,0.0486435881653158,4066.268,0.112193327983026,5904.615,0.0732037202064368,6841.527,0.0751917720578257,—,,—,,15784.339,0.112641882977873,17754.593,0.126569864984035,—,,—,,—,
  Automobile & Related Products,,798.448,0.372387694595153,1611.55,0.34287072291884,2174.641,0.84336626559758,1324.402,0.296890478200529,3246.944,0.339063681476392,5368.038,0.529639106980324,11969.092,0.650462102246487,12463.625,0.689111130474822,16323.717,0.639935389083659,19605.524,0.705429176785614,21789.329,0.395865305724981,23613.54,0.651526568848957,22839.68,0.283159790151356,27828.626,0.305850390252714,—,,—,,32157.078,0.229482768773931,43086.393,0.307156516888846,—,,—,,—,
  Reconciliation,,—,,—,,4395.079,,6558.229,,—,,9059.113,,3307.564,,14637.063,,17392.517,,18071.101,,-1883.887,,28871.015,,-1203.526,,-1326.293,,—,,—,,-7088.335,,-3711.632,,—,,—,,—,
  Corporate & Others,,—,,—,,—,,31.181,0.00698982786251508,1.556,0.000162486044840092,0.431,4.25247464918317e-05,0,,0.001,5.52897837085777e-08,0,,0.167,6.00885100154413e-06,25448.456,0.462343783724075,0,,39208.271,0.486092878208342,43792.299,0.481299067342151,—,,—,,78476.034,0.560029041342537,58805.325,0.41921445597724,—,,—,,—,
Depreciation and Amortization,,111.326,1.0,222.384,1.0,356.3,1.0,525.7,1.0,898.473,1.0,1361.873,1.0,1763.649,1.0,2249.308,1.0,2793.655,1.0,3359.329,1.0,3627.03,1.0,4314.846,1.0,5416.617,1.0,7027.569,1.0,—,,—,,9840.129,1.0,12518.675,1.0,14108.382,1.0,20370.005,1.0,43552.719,1.0
"  Automobiles, Related Products & Other Products",,—,,—,,—,,—,,—,,—,,—,,—,,—,,—,,—,,—,,—,,—,,—,,—,,—,,—,,11223.483,0.795518791594954,17537.269,0.860935920241551,40417.346,0.928009707040334
"  Mobile Handset Components, Assembly & Other Products",,—,,—,,—,,—,,—,,—,,—,,—,,—,,—,,—,,—,,—,,—,,—,,—,,—,,—,,2884.899,0.204481208405046,2832.736,0.139064079758449,3135.373,0.0719902929596657
  Mobile Handset Components Assembly & Other Products,,—,,36.101,0.162336319159652,80.515,0.22597530171204,165.24,0.314323758797793,349.173,0.388629374505411,591.212,0.434116837619954,798.873,0.452965981326216,825.122,0.36683371063456,1013.455,0.362770277647025,1585.7,0.472028789082582,805.821,0.222171032497663,1158.304,0.268446197152807,1451.779,0.268023196028074,2062.095,0.293429349466366,—,,—,,2375.951,0.241455269539657,2137.464,0.170742031405081,—,,—,,—,
  Rechargeable Batteries & Photovoltaic Products,,75.268,0.676104414063202,131.191,0.589930030937478,176.796,0.496199831602582,208.926,0.397424386532243,271.952,0.302682440095584,319.951,0.234934535011708,361.771,0.205126416877735,413,0.183612026454358,524.149,0.187621234547573,899.397,0.267731145118564,805.019,0.221949914944183,736.954,0.170794971593424,694.581,0.128231514245884,950.967,0.135319482455455,—,,—,,2328.187,0.236601268133782,3053.54,0.24391878533471,—,,—,,—,
  Automobile & Related Products,,36.058,0.323895585936798,55.092,0.247733649902871,98.989,0.277824866685378,150.069,0.285465094160167,276.742,0.308013707701845,450.105,0.330504386238658,602.701,0.34173523189705,1011.186,0.449554262911082,1256.051,0.449608487805402,874.232,0.260240065798854,2016.19,0.555879052558154,2419.588,0.560758831253769,3270.257,0.603745289726041,4014.507,0.571251168078179,—,,—,,5135.991,0.521943462326561,7327.671,0.585339183260209,—,,—,,—,
  Others,,—,,—,,—,,1.465,0.00278676050979646,0.606,0.000674477697159514,0.605,0.000444241129679493,0.304,0.000172369898999177,—,,—,,—,,—,,—,,—,,—,,—,,—,,—,,—,,—,,—,,—,
Capital Expenditures,,-2077.273,,-2103.99,,-1932.24,,-3006.812,,-5622.356,,-6079.97,,-6300.764,,-11587.149,,-10471.928,,-7786.286,,-6232.664,,-9326.866,,-11340.719,,-12384.399,,—,,—,,-19455.153,,-12565.583,,-51353.914,,-130285.926,,-140742.808,
"  Mobile Handset Components, Assembly & Other Products",,—,,—,,—,,—,,—,,—,,—,,—,,—,,—,,—,,—,,—,,—,,—,,—,,—,,—,,-5413.421,0.10541399045066,-5210.486,0.0399927003627391,-4013.63,0.0285174784916896
"  Automobiles, Related Products & Other Products",,—,,—,,—,,—,,—,,—,,—,,—,,—,,—,,—,,—,,—,,—,,—,,—,,—,,—,,-45940.493,0.89458600954934,-125075.44,0.960007299637261,-136729.178,0.97148252150831
  Mobile Handset Components Assembly & Other Products,,—,,-340.942,0.162045446984064,-422.364,0.218587753074152,-1180.905,0.392743211082036,-2152.59,0.382862629118469,-2518.639,0.4142518795323,-1249.138,0.19825183104779,-814.675,0.070308494350077,-953.661,0.091068330492723,-1510.529,0.193998653530066,-901.645,0.144664464505066,-2328.433,0.24964795248479,-3136.717,0.276588900580289,-1776.52,0.143448220620153,—,,—,,-3943.451,0.202694422398015,-3436.447,0.273480904149055,—,,—,,—,
  Rechargeable Batteries & Photovoltaic Products,,-1152.919,0.555015638291164,-1063.868,0.505643087657261,-940.569,0.48677648739287,-582.995,0.193891403918835,-472.25,0.0839950369560376,-706.789,0.116248764385351,-1719.049,0.272831834361674,-1412.757,0.121924469945109,-3340.338,0.318980229810595,-1801.731,0.231397998994643,-846.73,0.135853625351856,-1937.252,0.20770664015115,-2084.818,0.18383472864463,-2749.552,0.222017394626901,—,,—,,-6682.281,0.3434710073984,-4736.572,0.37694804928669,—,,—,,—,
  Automobile & Related Products,,-924.354,0.444984361708837,-699.18,0.332311465358676,-569.307,0.294635759532977,-994.47,0.330739001972854,-2997.473,0.53313468588613,-2854.542,0.469499356082349,-3332.577,0.528916334590535,-9359.717,0.807767035704814,-6177.929,0.589951439696682,-4474.026,0.574603347475292,-4484.289,0.719481910143078,-5061.181,0.54264540736406,-6119.184,0.53957637077508,-7858.327,0.634534384752946,—,,—,,-8829.421,0.453834570203586,-4392.564,0.349571046564254,—,,—,,—,
  Others,,—,,—,,—,,-248.442,0.082626383026275,-0.043,7.64803936285785e-06,—,,—,,—,,—,,—,,—,,—,,—,,—,,—,,—,,—,,—,,—,,—,,—,
Vehicles Sold - Worldwide,,15400,1.0,14818,1.0,15993,1.0,55038,1.0,85942,1.0,—,,2070000,1.0,521232,1.0,437000,1.0,420000,1.0,470000,1.0,373000,1.0,380000,1.0,422000,1.0,355000,1.0,520687,1.0,461399,1.0,426972,1.0,740131,1.0,1868543,1.0,3024417,1.0
  Vehicles,,15400,1.0,14818,1.0,15993,1.0,55038,1.0,85942,1.0,—,,2070000,1.0,521232,1.0,437000,1.0,420000,1.0,470000,1.0,373000,1.0,380000,1.0,422000,1.0,355000,1.0,520687,1.0,461399,1.0,426972,1.0,740131,1.0,1868543,1.0,3024417,1.0
    New Energy Vehicle,,—,,—,,—,,—,,—,,—,,—,,—,,—,,—,,—,,—,,60000,0.157894736842105,96000,0.227488151658768,110000,0.309859154929577,247811,0.475930837528112,229506,0.497413301719336,189689,0.444265666132674,603783,0.815778558120117,1863494,0.997297894669804,3024417,1.0
      Passenger Vehicles,,—,,—,,—,,—,,—,,—,,—,,—,,—,,—,,—,,—,,—,,—,,—,,227152,0.436254410039045,219353,0.475408485930832,179054,0.41935770963904,593745,0.802216094177923,1857379,0.994025291363378,3012906,0.996193977219411
        Battery Electric Vehicles,,—,,—,,—,,—,,—,,—,,—,,—,,—,,—,,—,,—,,—,,—,,—,,103263,0.198320680178303,147185,0.318997223661083,130970,0.306741425667257,320810,0.433450294610008,911140,0.487620568539231,1574822,0.520702667654626
        Plug - In Hybrid Electric Vehicle,,—,,—,,—,,—,,—,,—,,—,,—,,—,,—,,—,,—,,—,,—,,—,,123889,0.237933729860742,72168,0.156411262269749,48084,0.112616283971783,272935,0.368765799567914,946239,0.506404722824147,1438084,0.475491309564785
      Commercial Vehicles,,—,,—,,—,,—,,—,,—,,—,,—,,—,,—,,—,,—,,—,,—,,—,,20659,0.0396764274890673,10153,0.0220048157885041,10635,0.0249079564936342,10038,0.013562463942194,6115,0.00327260330642645,11511,0.00380602278058879
        Others,,—,,—,,—,,—,,—,,—,,—,,—,,—,,—,,—,,—,,—,,—,,—,,7969,0.0153047800309975,3836,0.00831384550031534,1510,0.003536531669524,4266,0.00576384450860726,1245,0.000666294540719694,6806,0.00225035105939426
        Bus,,—,,—,,—,,—,,—,,—,,—,,—,,—,,—,,—,,—,,—,,—,,—,,12690,0.0243716474580698,6317,0.0136909702881887,9125,0.0213714248241102,5772,0.00779861943358676,4870,0.00260630876570676,4705,0.00155567172119453
    Oil-Fueled Vehicle,,—,,—,,—,,—,,—,,—,,—,,—,,—,,—,,—,,—,,320000,0.842105263157895,326000,0.772511848341232,245000,0.690140845070423,272876,0.524069162471888,231893,0.502586698280664,237283,0.555734333867326,136348,0.184221441879883,5049,0.00270210533019577,0,
      MPV,,—,,—,,—,,—,,—,,—,,—,,—,,—,,—,,—,,—,,—,,—,,—,,141068,0.270926679559889,63018,0.13658027000492,23410,0.0548279512473886,9935,0.013423299388892,0,,0,
      SUV,,—,,—,,—,,—,,—,,—,,—,,—,,—,,—,,—,,—,,—,,—,,—,,72647,0.139521439943767,121266,0.26282241617342,174298,0.408218805917016,93012,0.125669644968256,3505,0.00187579306443577,0,
      Sedan,,—,,—,,—,,—,,—,,—,,—,,—,,—,,—,,—,,—,,—,,—,,—,,59161,0.113621042968232,47609,0.103184012102324,39575,0.092687576702922,33401,0.0451284975227358,1544,0.000826312265760007,0,
Vehicles Sold - Worldwide YTD,,—,,—,,—,,—,,—,,—,,—,,—,,—,,—,,—,,—,,—,,—,,—,,—,,—,,426972,1.0,740131,1.0,1868543,1.0,3024417,1.0
  Vehicles,,—,,—,,—,,—,,—,,—,,—,,—,,—,,—,,—,,—,,—,,—,,—,,—,,—,,426972,1.0,740131,1.0,1868543,1.0,3024417,1.0
    New Energy Vehicle,,—,,—,,—,,—,,—,,—,,—,,—,,—,,—,,—,,—,,—,,—,,—,,—,,—,,189689,0.444265666132674,603783,0.815778558120117,1863494,0.997297894669804,3024417,1.0
      Passenger Vehicles,,—,,—,,—,,—,,—,,—,,—,,—,,—,,—,,—,,—,,—,,—,,—,,—,,—,,179054,0.41935770963904,593745,0.802216094177923,1857379,0.994025291363378,3012906,0.996193977219411
        Battery Electric Vehicles,,—,,—,,—,,—,,—,,—,,—,,—,,—,,—,,—,,—,,—,,—,,—,,—,,—,,130970,0.306741425667257,320810,0.433450294610008,911140,0.487620568539231,1574822,0.520702667654626
        Plug - In Hybrid Electric Vehicle,,—,,—,,—,,—,,—,,—,,—,,—,,—,,—,,—,,—,,—,,—,,—,,—,,—,,48084,0.112616283971783,272935,0.368765799567914,946239,0.506404722824147,1438084,0.475491309564785
      Commercial Vehicles,,—,,—,,—,,—,,—,,—,,—,,—,,—,,—,,—,,—,,—,,—,,—,,—,,—,,10635,0.0249079564936342,10038,0.013562463942194,6115,0.00327260330642645,11511,0.00380602278058879
        Others,,—,,—,,—,,—,,—,,—,,—,,—,,—,,—,,—,,—,,—,,—,,—,,—,,—,,1510,0.003536531669524,4266,0.00576384450860726,1245,0.000666294540719694,6806,0.00225035105939426
        Bus,,—,,—,,—,,—,,—,,—,,—,,—,,—,,—,,—,,—,,—,,—,,—,,—,,—,,9125,0.0213714248241102,5772,0.00779861943358676,4870,0.00260630876570676,4705,0.00155567172119453
    Oil-Fueled Vehicle,,—,,—,,—,,—,,—,,—,,—,,—,,—,,—,,—,,—,,—,,—,,—,,—,,—,,237283,0.555734333867326,136348,0.184221441879883,5049,0.00270210533019577,0,
      MPV,,—,,—,,—,,—,,—,,—,,—,,—,,—,,—,,—,,—,,—,,—,,—,,—,,—,,23410,0.0548279512473886,9935,0.013423299388892,0,,0,
      SUV,,—,,—,,—,,—,,—,,—,,—,,—,,—,,—,,—,,—,,—,,—,,—,,—,,—,,174298,0.408218805917016,93012,0.125669644968256,3505,0.00187579306443577,0,
      Sedan,,—,,—,,—,,—,,—,,—,,—,,—,,—,,—,,—,,—,,—,,—,,—,,—,,—,,39575,0.092687576702922,33401,0.0451284975227358,1544,0.000826312265760007,0,
Vehicles Produced - Worldwide,,—,,—,,—,,—,,—,,—,,—,,—,,—,,—,,—,,—,,—,,—,,—,,—,,—,,427672,1.0,747540,1.0,1881669,1.0,3045231,1.0
  Vehicles,,—,,—,,—,,—,,—,,—,,—,,—,,—,,—,,—,,—,,—,,—,,—,,—,,—,,427672,1.0,747540,1.0,1881669,1.0,3045231,1.0
    New Energy Vehicle,,—,,—,,—,,—,,—,,—,,—,,—,,—,,—,,—,,—,,—,,—,,—,,—,,—,,189866,0.443952374717073,607119,0.812155871257725,1874544,0.996213467937241,3045231,1.0
      Passenger Vehicles,,—,,—,,—,,—,,—,,—,,—,,—,,—,,—,,—,,—,,—,,—,,—,,—,,—,,179231,0.419085186778653,597081,0.798727827273457,1870919,0.994286986712328,3033662,0.996200945018621
        Battery Electric Vehicles,,—,,—,,—,,—,,—,,—,,—,,—,,—,,—,,—,,—,,—,,—,,—,,—,,—,,131083,0.306503582184478,322983,0.43206116060679,917118,0.487396029801203,1589571,0.521987001971279
        Plug - In Hybrid Electric Vehicle,,—,,—,,—,,—,,—,,—,,—,,—,,—,,—,,—,,—,,—,,—,,—,,—,,—,,48148,0.112581604594175,274098,0.366666666666667,953801,0.506890956911125,1444091,0.474213943047342
      Commercial Vehicles,,—,,—,,—,,—,,—,,—,,—,,—,,—,,—,,—,,—,,—,,—,,—,,—,,—,,10635,0.0248671879384201,10038,0.0134280439842684,6115,0.0032497745352663,11569,0.00379905498137908
        Others,,—,,—,,—,,—,,—,,—,,—,,—,,—,,—,,—,,—,,—,,—,,—,,—,,—,,1510,0.00353074318636712,4266,0.00570671803515531,1245,0.000661646655176867,6864,0.00225401619778598
        Bus,,—,,—,,—,,—,,—,,—,,—,,—,,—,,—,,—,,—,,—,,—,,—,,—,,—,,9125,0.021336444752053,5772,0.00772132594911309,4870,0.00258812788008943,4705,0.0015450387835931
    Oil-Fueled Vehicle,,—,,—,,—,,—,,—,,—,,—,,—,,—,,—,,—,,—,,—,,—,,—,,—,,—,,237806,0.556047625282927,140421,0.187844128742275,4635,0.00246323875240544,0,
      MPV,,—,,—,,—,,—,,—,,—,,—,,—,,—,,—,,—,,—,,—,,—,,—,,—,,—,,23426,0.0547756224396266,11391,0.0152379805762902,0,,0,
      SUV,,—,,—,,—,,—,,—,,—,,—,,—,,—,,—,,—,,—,,—,,—,,—,,—,,—,,174871,0.408890458108083,93728,0.125381919362175,3177,0.0016883947176682,0,
      Sedan,,—,,—,,—,,—,,—,,—,,—,,—,,—,,—,,—,,—,,—,,—,,—,,—,,—,,39509,0.0923815447352176,35302,0.0472242288038098,1458,0.000774844034737247,0,
Source: Bloomberg,,,,,,,,,,,,,,,,,,,,,,,,,,,,,,,,,,,,,,,,,,,
