Unnamed: 0,Unnamed: 1,Unnamed: 2,Unnamed: 3,Unnamed: 4,Unnamed: 5,Unnamed: 6,Unnamed: 7,Unnamed: 8,Unnamed: 9,Unnamed: 10,Unnamed: 11,Unnamed: 12,Unnamed: 13,Unnamed: 14,Unnamed: 15,Unnamed: 16,Unnamed: 17,Unnamed: 18,Unnamed: 19,Unnamed: 20,Unnamed: 21,Unnamed: 22,Unnamed: 23,Unnamed: 24,Unnamed: 25,Unnamed: 26,Unnamed: 27,Unnamed: 28,Unnamed: 29,Unnamed: 30,Unnamed: 31,Unnamed: 32,Unnamed: 33,Unnamed: 34,Unnamed: 35,Unnamed: 36,Unnamed: 37,Unnamed: 38,Unnamed: 39,Unnamed: 40,Unnamed: 41,Unnamed: 42,Unnamed: 43
Norfolk Southern Corp (NSC US) - By Measure,,,,,,,,,,,,,,,,,,,,,,,,,,,,,,,,,,,,,,,,,,,
,,,,,,,,,,,,,,,,,,,,,,,,,,,,,,,,,,,,,,,,,,,
In Millions of USD except Per Share,,FY 2003,,FY 2004,,FY 2005,,FY 2006,,FY 2007,,FY 2008,,FY 2009,,FY 2010,,FY 2011,,FY 2012,,FY 2013,,FY 2014,,FY 2015,,FY 2016,,FY 2017,,FY 2018,,FY 2019,,FY 2020,,FY 2021,,FY 2022,,FY 2023,
12 Months Ending,,12/31/2003,,12/31/2004,,12/31/2005,,12/31/2006,,12/31/2007,,12/31/2008,,12/31/2009,,12/31/2010,,12/31/2011,,12/31/2012,,12/31/2013,,12/31/2014,,12/31/2015,,12/31/2016,,12/31/2017,,12/31/2018,,12/31/2019,,12/31/2020,,12/31/2021,,12/31/2022,,12/31/2023,
Revenue,,6468,1.0,7312,1.0,8527,1.0,9407,1.0,9432,1.0,10661,1.0,7969,1.0,9516,1.0,11172,1.0,11040,1.0,11245,1.0,11624,1.0,10511,1.0,9888,1.0,10551,1.0,11458,1.0,11296,1.0,9789,1.0,11142,1.0,12745,1.0,12156,1.0
  Railroad Operation,,6468,1.0,7312,1.0,8527,1.0,9407,1.0,9432,1.0,10661,1.0,7969,1.0,9516,1.0,11172,1.0,11040,1.0,11245,1.0,11624,1.0,10511,1.0,9888,1.0,10551,1.0,11458,1.0,11296,1.0,9789,1.0,11142,1.0,12745,1.0,12156,1.0
Revenue - Supplementary Breakdown,,6468,1.0,7312,1.0,8527,1.0,9407,1.0,9432,1.0,10661,1.0,7969,1.0,9516,1.0,11172,1.0,11040,1.0,11245,1.0,11624,1.0,10511,1.0,9888,1.0,10551,1.0,11458,1.0,11296,1.0,9789,1.0,11142,1.0,12745,1.0,12156,1.0
  Merchandise,,3729,0.576530612244898,4047,0.553473741794311,4586,0.537821039052422,5106,0.54278728606357,5196,0.55089058524173,5492,0.515148672732389,4175,0.523905132388004,5001,0.525535939470366,5584,0.499820981023989,5920,0.536231884057971,6318,0.561849710982659,6680,0.574673090158293,6279,0.597374179431072,6182,0.625202265372168,6357,0.602502132499289,6744,0.588584395182405,6803,0.602248583569405,6088,0.621922566145674,6669,0.598546042003231,7331,0.575205963122793,7353,0.604886475814413
"    Agriculture, Forest & Consumer Products",,—,,—,,—,,—,,—,,—,,—,,—,,—,,—,,—,,—,,—,,—,,—,,2188,0.190958282422761,2256,0.19971671388102,2116,0.216160997037491,2251,0.202028361155986,2493,0.195606120047077,2530,0.208127673576834
    Chemicals,,772,0.119356833642548,864,0.118161925601751,978,0.114694499824088,1079,0.114701817795259,1166,0.12362171331637,1238,0.116124190976456,1056,0.13251348977287,1302,0.136822194199243,1368,0.122448979591837,1467,0.132880434782609,1667,0.1482436638506,1863,0.160271851342051,1760,0.167443630482352,1648,0.166666666666667,1710,0.162069945976685,2083,0.181794379472857,2092,0.185198300283286,1809,0.184799264480539,1951,0.175103213067672,2148,0.168536681051393,2054,0.168970055939454
    Metals and Construction,,699,0.108070500927644,818,0.111870897155361,978,0.114694499824088,1168,0.124162857446582,1149,0.121819338422392,1251,0.11734358878154,745,0.0934872631446857,1013,0.10645229087852,1241,0.111081274615109,1335,0.120923913043478,1405,0.124944419742108,1521,0.130849965588438,1263,0.12015983255637,1267,0.128135113268608,1481,0.140365842100275,1482,0.129341944492931,1461,0.129337818696884,1333,0.136173255695168,1562,0.140190271046491,1652,0.12961945861122,1634,0.134419216847647
    Automotive,,936,0.144712430426716,954,0.1304704595186,997,0.116922716078339,974,0.103539917083023,974,0.103265479219678,823,0.0771972610449301,527,0.0661312586271803,648,0.0680958385876419,780,0.0698174006444683,897,0.08125,984,0.0875055580257892,1004,0.0863730213351686,969,0.0921891351917039,975,0.0986043689320388,955,0.0905127476068619,991,0.0864897887938558,994,0.0879957507082153,830,0.0847890489324752,905,0.0812241967330821,1038,0.0814437034131032,1135,0.0933695294504771
    Forest and Consumer,,—,,—,,—,,—,,—,,—,,—,,—,,—,,—,,—,,—,,—,,—,,795,0.0753483082172306,—,,—,,—,,—,,—,,—,
    Agriculture Products,,—,,—,,—,,—,,—,,—,,—,,—,,—,,—,,—,,—,,—,,—,,1416,0.134205288598237,—,,—,,—,,—,,—,,—,
    Paper/Clay/Forest,,634,0.0980210265924552,684,0.0935448577680525,801,0.0939369062976428,891,0.0947167003295418,860,0.0911789652247667,898,0.0842322483819529,666,0.0835738486635714,712,0.0748213535098781,756,0.0676691729323308,775,0.0701992753623188,795,0.0706980880391285,794,0.0683069511355816,771,0.0733517267624394,744,0.0752427184466019,—,,—,,—,,—,,—,,—,,—,
    Agriculture/Consumer/Government,,688,0.106369820655535,727,0.0994256017505471,832,0.0975724170282632,994,0.105665993409163,1047,0.111005089058524,1282,0.12025138354751,1181,0.148199272179696,1326,0.139344262295082,1439,0.128804153240243,1446,0.130978260869565,1467,0.130457981325033,1498,0.128871300757054,1516,0.144229854438208,1548,0.156553398058252,—,,—,,—,,—,,—,,—,,—,
  Intermodal,,1239,0.191558441558442,1537,0.210202407002188,1826,0.21414330948751,1971,0.209524821941108,1921,0.203668363019508,2058,0.193040052527905,1530,0.191993976659556,1796,0.188734762505254,2130,0.190655209452202,2241,0.202989130434783,2384,0.212005335704758,2562,0.220406056434962,2409,0.229188469222719,2218,0.224312297734628,2452,0.2323950336461,2893,0.252487345086403,2824,0.25,2654,0.271120645622638,3163,0.283880811344462,3681,0.288819144762652,3090,0.254195459032577
  Coal,,1500,0.23191094619666,1728,0.236323851203501,2115,0.248035651460068,2330,0.247687891995323,2315,0.245441051738762,3111,0.291811274739705,2264,0.284100890952441,2719,0.28572929802438,3458,0.30952380952381,2879,0.260778985507246,2543,0.226144953312583,2382,0.204920853406745,1823,0.173437351346209,1488,0.150485436893204,1742,0.165102833854611,1821,0.158928259731192,1669,0.147751416430595,1047,0.106956788231689,1310,0.117573146652307,1733,0.135974892114555,1713,0.140918065153011
Percentage of Revenue,,—,,—,,—,,—,,—,,—,,—,,—,,—,,—,,—,,—,,—,,—,,—,,—,,—,,—,,—,,—,,—,
  Merchandise,,58,,55,,54,,54,,55,,52,,52,,53,,50,,54,,56,,57,,60,,63,,60,,59,,60,,62,,60,,57,,61,
    Paper/Clay/Forest,,10,,—,,—,,—,,—,,—,,—,,—,,—,,—,,—,,—,,—,,—,,—,,—,,—,,—,,—,,—,,—,
    Automotive,,14,,—,,—,,—,,—,,—,,—,,—,,—,,—,,—,,—,,—,,—,,—,,—,,—,,—,,—,,—,,—,
    Metals/Construction,,11,,—,,—,,—,,—,,—,,—,,—,,—,,—,,—,,—,,—,,—,,—,,—,,—,,—,,—,,—,,—,
    Agriculture/Consumer/Government,,11,,—,,—,,—,,—,,—,,—,,—,,—,,—,,—,,—,,—,,—,,—,,—,,—,,—,,—,,—,,—,
    Chemicals,,12,,—,,—,,—,,—,,—,,—,,—,,—,,—,,—,,—,,—,,—,,—,,—,,—,,—,,—,,—,,—,
  Intermodal,,19,,21,,21,,21,,20,,19,,19,,19,,19,,20,,21,,22,,23,,22,,23,,25,,25,,27,,28,,29,,25,
  Coal,,23,,24,,25,,25,,25,,29,,29,,28,,31,,26,,23,,21,,17,,15,,17,,16,,15,,11,,12,,14,,14,
Operating Income,,1064,1.0,1702,1.0,2117,1.0,2557,1.0,2585,1.0,3084,1.0,1962,1.0,2676,1.0,3213,1.0,3124,1.0,3257,1.0,3575,1.0,2884,1.0,3074,1.0,3522,1.0,3959,1.0,3989,1.0,3002,1.0,4447,1.0,4809,1.0,2851,1.0
  Railroad Operation,,1064,1.0,1702,1.0,2117,1.0,2557,1.0,2585,1.0,3084,1.0,1962,1.0,2676,1.0,3213,1.0,3124,1.0,3257,1.0,3575,1.0,2884,1.0,3074,1.0,3522,1.0,3959,1.0,3989,1.0,3002,1.0,4447,1.0,4809,1.0,2851,1.0
Interest Expense,,497,1.0,489,1.0,494,1.0,476,1.0,441,1.0,444,1.0,467,1.0,462,1.0,455,1.0,495,1.0,525,1.0,545,1.0,545,1.0,563,1.0,550,1.0,557,1.0,604,1.0,625,1.0,646,1.0,692,1.0,722,1.0
  Railroad Operation,,497,1.0,489,1.0,494,1.0,476,1.0,441,1.0,444,1.0,467,1.0,462,1.0,455,1.0,495,1.0,525,1.0,545,1.0,545,1.0,563,1.0,550,1.0,557,1.0,604,1.0,625,1.0,646,1.0,692,1.0,722,1.0
Interest Income,,10,1.0,13,1.0,41,1.0,76,1.0,45,1.0,20,1.0,13,1.0,12,1.0,9,1.0,8,1.0,8,1.0,9,1.0,8,1.0,—,,0,,0,,0,,0,,0,,0,,0,
  Railroad Operation,,10,1.0,13,1.0,41,1.0,76,1.0,45,1.0,20,1.0,13,1.0,12,1.0,9,1.0,8,1.0,8,1.0,9,1.0,8,1.0,—,,0,,0,,0,,0,,0,,0,,0,
Pretax Income,,586,1.0,1302,1.0,1697,1.0,2230,1.0,2237,1.0,2750,1.0,1622,1.0,2367,1.0,2918,1.0,2758,1.0,2965,1.0,3134,1.0,2442,1.0,2582,1.0,3128,1.0,3469,1.0,3491,1.0,2530,1.0,3878,1.0,4130,1.0,2320,1.0
  Railroad Operation,,586,1.0,1302,1.0,1697,1.0,2230,1.0,2237,1.0,2750,1.0,1622,1.0,2367,1.0,2918,1.0,2758,1.0,2965,1.0,3134,1.0,2442,1.0,2582,1.0,3128,1.0,3469,1.0,3491,1.0,2530,1.0,3878,1.0,4130,1.0,2320,1.0
Income Taxes,,175,1.0,379,1.0,416,1.0,749,1.0,773,1.0,1034,1.0,588,1.0,871,1.0,1002,1.0,1009,1.0,1055,1.0,1134,1.0,886,1.0,914,1.0,-2276,,803,1.0,769,1.0,517,1.0,873,1.0,860,1.0,493,1.0
  Railroad Operation,,175,1.0,379,1.0,416,1.0,749,1.0,773,1.0,1034,1.0,588,1.0,871,1.0,1002,1.0,1009,1.0,1055,1.0,1134,1.0,886,1.0,914,1.0,-2276,1.0,803,1.0,769,1.0,517,1.0,873,1.0,860,1.0,493,1.0
Net Income,,535,1.0,923,1.0,1281,1.0,1481,1.0,1464,1.0,1716,1.0,1034,1.0,1496,1.0,1916,1.0,1749,1.0,1910,1.0,2000,1.0,1556,1.0,1668,1.0,5404,1.0,2666,1.0,2722,1.0,2013,1.0,3005,1.0,3270,1.0,1827,1.0
  Railroad Operation,,535,1.0,923,1.0,1281,1.0,1481,1.0,1464,1.0,1716,1.0,1034,1.0,1496,1.0,1916,1.0,1749,1.0,1910,1.0,2000,1.0,1556,1.0,1668,1.0,5404,1.0,2666,1.0,2722,1.0,2013,1.0,3005,1.0,3270,1.0,1827,1.0
Revenue Per Unit,,—,,—,,—,,—,,—,,—,,—,,—,,—,,—,,—,,—,,—,,—,,—,,—,,—,,—,,—,,—,,—,
  Merchandise,,1341.4,,1404,,1583,,1770,,1874,,2150,,2079,,2193,,2444,,2536,,2609,,2624,,2474,,2486,,2552,,2677,,2797,,2875,,2938,,3277,,3275,
    Chemicals,,1815,,1927,,2212,,2530,,2732,,3144,,3061,,3207,,3662,,3772,,3711,,3707,,3335,,3465,,3501,,3444,,3553,,3753,,3684,,3978,,3989,
"    Agriculture, Forest & Consumer Products",,—,,—,,—,,—,,—,,—,,—,,—,,—,,—,,—,,—,,—,,—,,—,,2767,,2953,,3004,,3102,,3448,,3445,
    Automotive,,1450,,1503,,1620,,1734,,1827,,1997,,1821,,2232,,2348,,2395,,2448,,2447,,2258,,2213,,2257,,2453,,2517,,2518,,2621,,3059,,3140,
    Metals and Construction,,984,,1048,,1231,,1398,,1467,,1686,,1478,,1612,,1867,,1993,,2106,,2096,,1879,,1847,,1946,,2059,,2133,,2216,,2334,,2604,,2577,
    Forest and Consumer,,—,,—,,—,,—,,—,,—,,—,,—,,—,,—,,—,,—,,—,,—,,2706,,—,,—,,—,,—,,—,,—,
    Agriculture Products,,—,,—,,—,,—,,—,,—,,—,,—,,—,,—,,—,,—,,—,,—,,2697,,—,,—,,—,,—,,—,,—,
    Paper/Clay/Forest,,1431,,1524,,1697,,1909,,2010,,2280,,2172,,2171,,2404,,2536,,2570,,2619,,2573,,2620,,—,,—,,—,,—,,—,,—,,—,
    Agriculture/Consumer/Government,,1238,,1278,,1454,,1673,,1740,,2093,,2097,,2113,,2400,,2427,,2468,,2481,,2489,,2575,,—,,—,,—,,—,,—,,—,,—,
  Coal,,929,,1022,,1219,,1324,,1363,,1762,,1596,,1747,,2135,,2036,,1888,,1855,,1688,,1650,,1665,,1762,,1826,,1824,,1991,,2532,,2530,
  Intermodal,,502,,531,,579,,605,,615,,679,,605,,614,,663,,667,,667,,666,,624,,573,,602,,661,,671,,665,,771,,941,,808,
Revenue Per Unit Growth %,,—,,—,,—,,—,,—,,—,,—,,—,,—,,—,,—,,—,,—,,—,,—,,—,,—,,—,,—,,—,,—,
  Coal,,—,,—,,—,,—,,—,,—,,—,,—,,—,,—,,—,,—,,-9,,-2,,1,,6,,4,,0,,9,,27,,0,
  Merchandise,,—,,—,,—,,—,,—,,—,,—,,—,,—,,—,,—,,—,,-6,,0,,3,,5,,4,,3,,2,,12,,0,
    Automotive,,—,,—,,—,,—,,—,,—,,—,,—,,—,,—,,—,,—,,-8,,-2,,2,,9,,3,,0,,4,,17,,3,
"    Agriculture, Forest & Consumer Products",,—,,—,,—,,—,,—,,—,,—,,—,,—,,—,,—,,—,,—,,—,,—,,—,,7,,2,,3,,11,,0,
    Chemicals,,—,,—,,—,,—,,—,,—,,—,,—,,—,,—,,—,,—,,-10,,4,,3,,2,,3,,6,,-2,,8,,0,
    Metals and Construction,,—,,—,,—,,—,,—,,—,,—,,—,,—,,—,,—,,—,,-10,,-2,,6,,4,,4,,4,,5,,12,,-1,
    Paper/Clay/Forest,,—,,—,,—,,—,,—,,—,,—,,—,,—,,—,,—,,—,,-2,,2,,—,,—,,—,,—,,—,,—,,—,
    Agriculture/Consumer/Government,,—,,—,,—,,—,,—,,—,,—,,—,,—,,—,,—,,—,,0,,3,,—,,—,,—,,—,,—,,—,,—,
  Intermodal,,—,,—,,—,,—,,—,,—,,—,,—,,—,,—,,—,,—,,-6,,-8,,5,,10,,2,,-1,,16,,22,,-14,
Revenue Growth %,,—,,—,,—,,—,,—,,—,,—,,—,,—,,—,,—,,—,,—,,—,,—,,—,,—,,—,,—,,—,,—,
  Merchandise,,2,,4,,13,,11,,2,,6,,-24,,20,,12,,6,,7,,6,,-6,,-2,,3,,6,,1,,-11,,10,,10,,0,
    Automotive,,—,,2,,5,,-2,,0,,16,,-36,,23,,20,,15,,10,,2,,-3,,1,,-2,,4,,0,,-16,,9,,15,,9,
"    Agriculture, Forest & Consumer Products",,—,,—,,—,,—,,—,,—,,—,,—,,—,,—,,—,,—,,—,,—,,—,,—,,3,,-6,,6,,11,,1,
    Metals and Construction,,1,,17,,20,,19,,2,,9,,-40,,36,,23,,8,,5,,8,,-17,,0,,13,,3,,-1,,-9,,17,,6,,-1,
    Chemicals,,2,,12,,13,,10,,8,,6,,-15,,23,,5,,7,,14,,12,,-6,,-6,,1,,8,,0,,-14,,8,,10,,-4,
    Agriculture Products,,—,,—,,—,,—,,—,,—,,—,,—,,—,,—,,—,,—,,—,,—,,0,,—,,—,,—,,—,,—,,—,
    Paper/Clay/Forest,,5,,8,,16,,11,,3,,4,,-26,,7,,6,,3,,3,,2,,-3,,-4,,—,,—,,—,,—,,—,,—,,—,
    Agriculture/Consumer/Government,,8,,6,,16,,19,,5,,22,,-8,,12,,9,,9,,1,,2,,1,,2,,—,,—,,—,,—,,—,,—,,—,
  Coal,,4,,15,,22,,10,,-1,,34,,-27,,20,,27,,17,,-12,,6,,-23,,-18,,17,,5,,-8,,-37,,25,,32,,-1,
  Intermodal,,5,,24,,19,,8,,-3,,7,,-26,,17,,19,,5,,6,,7,,-6,,-8,,11,,18,,-2,,-6,,19,,16,,-16,
Property/Plant/Equipment,,11779,1.0,20526,1.0,20705,1.0,21098,1.0,21583,1.0,22247,1.0,22643,1.0,23231,1.0,24469,1.0,25736,1.0,26645,1.0,27694,1.0,28992,1.0,29751,1.0,30330,1.0,31091,1.0,32153,1.0,31778,1.0,32064,1.0,32563,1.0,33716,1.0
  Railroad Operation,,11779,1.0,20526,1.0,20705,1.0,21098,1.0,21583,1.0,22247,1.0,22643,1.0,23231,1.0,24469,1.0,25736,1.0,26645,1.0,27694,1.0,28992,1.0,29751,1.0,30330,1.0,31091,1.0,32153,1.0,31778,1.0,32064,1.0,32563,1.0,33716,1.0
Goodwill,,0,,0,,0,,0,,0,,0,,0,,0,,0,,0,,0,,0,,0,,0,,0,,0,,0,,0,,0,,0,,0,
  Railroad Operation,,0,,0,,0,,0,,0,,0,,0,,0,,0,,0,,0,,0,,0,,0,,0,,0,,0,,0,,0,,0,,0,
Assets,,20596,1.0,24750,1.0,25861,1.0,26028,1.0,26144,1.0,26297,1.0,27369,1.0,28199,1.0,28538,1.0,30342,1.0,32483,1.0,33200,1.0,34139,1.0,34892,1.0,35711,1.0,36239,1.0,37923,1.0,37962,1.0,38493,1.0,38885,1.0,41652,1.0
  Railroad Operation,,20596,1.0,24750,1.0,25861,1.0,26028,1.0,26144,1.0,26297,1.0,27369,1.0,28199,1.0,28538,1.0,30342,1.0,32483,1.0,33200,1.0,34139,1.0,34892,1.0,35711,1.0,36239,1.0,37923,1.0,37962,1.0,38493,1.0,38885,1.0,41652,1.0
Number of Units Sold,,—,,—,,—,,—,,—,,—,,—,,—,,—,,—,,—,,—,,7478.9,1.0,—,,—,,—,,—,,—,,—,,—,,6744400,1.0
  Intermodal,,—,,—,,—,,—,,—,,—,,—,,—,,—,,—,,—,,—,,3861,0.516252390057361,—,,—,,—,,—,,—,,—,,—,,3822400,0.566751675464089
    Domestic,,—,,—,,—,,—,,—,,—,,—,,—,,—,,—,,—,,—,,—,,—,,—,,—,,—,,—,,—,,—,,2371600,0.351639879010735
    International,,—,,—,,—,,—,,—,,—,,—,,—,,—,,—,,—,,—,,—,,—,,—,,—,,—,,—,,—,,—,,1450800,0.215111796453354
  Merchandise,,—,,—,,—,,—,,—,,—,,—,,—,,—,,—,,—,,—,,2538.2,0.339381459840351,—,,—,,—,,—,,—,,—,,—,,2244900,0.332853923254848
"    Agriculture, Forest & Consumer Products",,—,,—,,—,,—,,—,,—,,—,,—,,—,,—,,—,,—,,—,,—,,—,,—,,—,,—,,—,,—,,734300,0.108875511535496
    Metals and Construction,,—,,—,,—,,—,,—,,—,,—,,—,,—,,—,,—,,—,,672.4,0.0899062696385832,—,,—,,—,,—,,—,,—,,—,,634100,0.0940187414744084
    Chemicals,,—,,—,,—,,—,,—,,—,,—,,—,,—,,—,,—,,—,,527.6,0.070545133642648,—,,—,,—,,—,,—,,—,,—,,515000,0.0763596465215586
    Automotive,,—,,—,,—,,—,,—,,—,,—,,—,,—,,—,,—,,—,,429.3,0.0574014895238605,—,,—,,—,,—,,—,,—,,—,,361500,0.0536000237233853
    Paper/Clay/Forest,,—,,—,,—,,—,,—,,—,,—,,—,,—,,—,,—,,—,,299.9,0.0400994798700344,—,,—,,—,,—,,—,,—,,—,,—,
    Agriculture/Consumer/Government,,—,,—,,—,,—,,—,,—,,—,,—,,—,,—,,—,,—,,609,0.0814290871652248,—,,—,,—,,—,,—,,—,,—,,—,
  Coal,,—,,—,,—,,—,,—,,—,,—,,—,,—,,—,,—,,—,,1079.7,0.144366150102288,—,,—,,—,,—,,—,,—,,—,,677100,0.100394401281063
Sales Change - Volume %,,—,,—,,—,,—,,—,,—,,—,,—,,—,,—,,—,,—,,—,,—,,—,,—,,—,,—,,—,,—,,—,
  Merchandise,,—,,—,,0,,-1,,-4,,-8,,-21,,14,,0,,2,,4,,5,,0,,-2,,0,,1,,-3,,-13,,7,,-1,,0,
  Coal,,—,,—,,2,,1,,-4,,4,,-20,,10,,4,,-13,,-5,,-5,,-16,,-16,,16,,-1,,-12,,-37,,15,,4,,-1,
  Intermodal,,—,,—,,9,,3,,-4,,-3,,-16,,16,,10,,5,,6,,8,,0,,0,,5,,7,,-4,,-5,,3,,-5,,-2,
Sales Change - Mix %,,—,,—,,—,,—,,—,,—,,—,,—,,—,,—,,—,,—,,—,,—,,—,,—,,—,,—,,—,,—,,—,
  Merchandise,,—,,—,,—,,—,,—,,—,,—,,—,,—,,—,,—,,—,,—,,—,,2,,3,,5,,4,,1,,5,,2,
  Coal,,—,,—,,—,,—,,—,,—,,—,,—,,—,,—,,—,,—,,—,,—,,0,,5,,5,,1,,10,,22,,1,
  Intermodal,,—,,—,,—,,—,,—,,—,,—,,—,,—,,—,,—,,—,,—,,—,,2,,4,,2,,3,,10,,8,,-8,
Sales Change - Other %,,—,,—,,—,,—,,—,,—,,—,,—,,—,,—,,—,,—,,—,,—,,—,,—,,—,,—,,—,,—,,—,
  Coal,,—,,—,,—,,—,,—,,—,,—,,—,,—,,—,,—,,—,,—,,—,,1,,1,,-2,,-1,,0,,6,,-1,
  Merchandise,,—,,—,,—,,—,,—,,—,,—,,—,,—,,—,,—,,—,,—,,—,,1,,2,,0,,-1,,1,,7,,-2,
  Intermodal,,—,,—,,—,,—,,—,,—,,—,,—,,—,,—,,—,,—,,—,,—,,4,,6,,-1,,-4,,7,,13,,-6,
Sales Change - Volume,,—,,—,,206,1.0,70,1.0,-359,,-375,,-2126,,1026,1.0,293,1.0,-218,,227,1.0,386,1.0,-388,,-420,,364,1.0,232,1.0,-553,,-1646,,666,1.0,-190,,-78,
  Merchandise,,—,,—,,20,0.0970873786407767,-19,-0.271428571428571,-197,0.54874651810585,-409,1.09066666666667,-1175,0.552681091251176,565,0.550682261208577,9,0.0307167235494881,123,-0.564220183486238,221,0.973568281938326,322,0.83419689119171,-19,0.0489690721649485,-126,0.3,10,0.0274725274725275,71,0.306034482758621,-232,0.419529837251356,-881,0.535236938031592,438,0.657657657657658,-96,0.505263157894737,26,-0.333333333333333
  Coal,,—,,—,,46,0.223300970873786,30,0.428571428571429,-80,0.222841225626741,90,-0.24,-612,0.287864534336783,221,0.215399610136452,110,0.37542662116041,-439,2.01376146788991,-137,-0.60352422907489,-118,-0.305699481865285,-380,0.979381443298969,-300,0.714285714285714,237,0.651098901098901,-21,-0.0905172413793103,-210,0.379746835443038,-621,0.377278250303767,153,0.22972972972973,53,-0.278947368421053,-19,0.243589743589744
  Intermodal,,—,,—,,140,0.679611650485437,59,0.842857142857143,-82,0.228412256267409,-56,0.149333333333333,-339,0.159454374412041,240,0.233918128654971,174,0.593856655290102,98,-0.44954128440367,143,0.629955947136564,182,0.471502590673575,11,-0.0283505154639175,6,-0.0142857142857143,117,0.321428571428571,182,0.78448275862069,-111,0.200723327305606,-144,0.0874848116646416,75,0.112612612612613,-147,0.773684210526316,-85,1.08974358974359
Sales Change - Mix,,—,,—,,—,,—,,—,,—,,—,,—,,—,,—,,—,,—,,—,,—,,176,1.0,377,1.0,470,1.0,368,1.0,414,1.0,842,1.0,-161,
  Merchandise,,—,,—,,—,,—,,—,,—,,—,,—,,—,,—,,—,,—,,—,,—,,130,0.738636363636364,197,0.522546419098143,305,0.648936170212766,258,0.701086956521739,52,0.1256038647343,303,0.359857482185273,115,-0.714285714285714
  Coal,,—,,—,,—,,—,,—,,—,,—,,—,,—,,—,,—,,—,,—,,—,,7,0.0397727272727273,80,0.212201591511936,93,0.197872340425532,12,0.0326086956521739,106,0.256038647342995,291,0.345605700712589,22,-0.136645962732919
  Intermodal,,—,,—,,—,,—,,—,,—,,—,,—,,—,,—,,—,,—,,—,,—,,39,0.221590909090909,100,0.26525198938992,72,0.153191489361702,98,0.266304347826087,256,0.618357487922705,248,0.294536817102138,-298,1.85093167701863
Sales Change - Other,,—,,—,,—,,—,,—,,—,,—,,—,,—,,—,,—,,—,,—,,—,,123,1.0,298,1.0,-79,,-229,,273,1.0,951,1.0,-350,
  Coal,,—,,—,,—,,—,,—,,—,,—,,—,,—,,—,,—,,—,,—,,—,,10,0.0813008130081301,20,0.0671140939597315,-35,0.443037974683544,-13,0.0567685589519651,4,0.0146520146520147,79,0.0830704521556257,-23,0.0657142857142857
  Merchandise,,—,,—,,—,,—,,—,,—,,—,,—,,—,,—,,—,,—,,—,,—,,35,0.284552845528455,119,0.399328859060403,-14,0.177215189873418,-92,0.40174672489083,91,0.333333333333333,455,0.478443743427971,-119,0.34
  Intermodal,,—,,—,,—,,—,,—,,—,,—,,—,,—,,—,,—,,—,,—,,—,,78,0.634146341463415,159,0.533557046979866,-30,0.379746835443038,-124,0.541484716157205,178,0.652014652014652,417,0.438485804416404,-208,0.594285714285714
Liabilities,,13611,1.0,16760,1.0,16572,1.0,16413,1.0,16417,1.0,16690,1.0,17016,1.0,17530,1.0,18627,1.0,20582,1.0,21194,1.0,20792,1.0,21951,1.0,22483,1.0,19352,1.0,20877,1.0,22739,1.0,23171,1.0,24852,1.0,26152,1.0,28871,1.0
  Railroad Operation,,13611,1.0,16760,1.0,16572,1.0,16413,1.0,16417,1.0,16690,1.0,17016,1.0,17530,1.0,18627,1.0,20582,1.0,21194,1.0,20792,1.0,21951,1.0,22483,1.0,19352,1.0,20877,1.0,22739,1.0,23171,1.0,24852,1.0,26152,1.0,28871,1.0
Depreciation and Amortization,,528,1.0,609,1.0,787,1.0,750,1.0,786,1.0,815,1.0,845,1.0,826,1.0,869,1.0,922,1.0,922,1.0,956,1.0,1059,1.0,1030,1.0,1059,1.0,1104,1.0,1139,1.0,1154,1.0,1181,1.0,1221,1.0,1298,1.0
  Railroad Operation,,528,1.0,609,1.0,787,1.0,750,1.0,786,1.0,815,1.0,845,1.0,826,1.0,869,1.0,922,1.0,922,1.0,956,1.0,1059,1.0,1030,1.0,1059,1.0,1104,1.0,1139,1.0,1154,1.0,1181,1.0,1221,1.0,1298,1.0
Depreciation,,513,1.0,598,1.0,774,1.0,738,1.0,775,1.0,804,1.0,837,1.0,819,1.0,862,1.0,916,1.0,916,1.0,951,1.0,1054,1.0,1026,1.0,1055,1.0,1102,1.0,1138,1.0,1154,1.0,1181,1.0,1221,1.0,1298,1.0
  Railroad Operation,,513,1.0,598,1.0,774,1.0,738,1.0,775,1.0,804,1.0,837,1.0,819,1.0,862,1.0,916,1.0,916,1.0,951,1.0,1054,1.0,1026,1.0,1055,1.0,1102,1.0,1138,1.0,1154,1.0,1181,1.0,1221,1.0,1298,1.0
R&D Expenses,,0,,0,,—,,0,,0,,0,,0,,0,,0,,0,,0,,0,,0,,0,,0,,0,,0,,0,,0,,0,,0,
  Railroad Operation,,0,,0,,—,,0,,0,,0,,0,,0,,0,,0,,0,,0,,0,,0,,0,,0,,0,,0,,0,,0,,0,
Capital Expenditures,,-720,,-1041,,-1025,,-1178,,-1341,,-1558,,-1299,,-1470,,-2160,,-2241,,-1971,,-2118,,-2385,,-1887,,-1723,,-1951,,-2019,,-1494,,-1470,,-1948,,-2349,
  Railroad Operation,,-720,1.0,-1041,1.0,-1025,1.0,-1178,1.0,-1341,1.0,-1558,1.0,-1299,1.0,-1470,1.0,-2160,1.0,-2241,1.0,-1971,1.0,-2118,1.0,-2385,1.0,-1887,1.0,-1723,1.0,-1951,1.0,-2019,1.0,-1494,1.0,-1470,1.0,-1948,1.0,-2349,1.0
Unit Growth %,,—,,—,,—,,—,,—,,—,,—,,—,,—,,—,,—,,—,,—,,—,,—,,—,,—,,—,,—,,—,,—,
  Merchandise,,—,,—,,—,,—,,—,,—,,—,,—,,—,,—,,—,,—,,0,,-2,,0,,1,,-3,,-13,,7,,-1,,0,
    Automotive,,—,,—,,—,,—,,—,,—,,—,,—,,—,,—,,—,,—,,5,,3,,-4,,-5,,-2,,-16,,5,,-2,,7,
"    Agriculture, Forest & Consumer Products",,—,,—,,—,,—,,—,,—,,—,,—,,—,,—,,—,,—,,—,,—,,—,,—,,-3,,-8,,3,,0,,2,
    Metals and Construction,,—,,—,,—,,—,,—,,—,,—,,—,,—,,—,,—,,—,,-7,,2,,6,,-2,,-5,,-12,,11,,-5,,0,
    Chemicals,,—,,—,,—,,—,,—,,—,,—,,—,,—,,—,,—,,—,,5,,-10,,-2,,7,,-3,,-18,,10,,2,,-5,
    Paper/Clay/Forest,,—,,—,,—,,—,,—,,—,,—,,—,,—,,—,,—,,—,,-1,,-5,,—,,—,,—,,—,,—,,—,,—,
    Agriculture/Consumer/Government,,—,,—,,—,,—,,—,,—,,—,,—,,—,,—,,—,,—,,1,,-1,,—,,—,,—,,—,,—,,—,,—,
  Coal,,—,,—,,—,,—,,—,,—,,—,,—,,—,,—,,—,,—,,-16,,-16,,16,,-1,,-12,,-37,,15,,4,,-1,
  Intermodal,,—,,—,,—,,—,,—,,—,,—,,—,,—,,—,,—,,—,,0,,0,,5,,7,,-4,,-5,,3,,-5,,-2,
    International,,—,,—,,—,,—,,—,,—,,—,,—,,—,,—,,—,,—,,6,,7,,2,,6,,—,,—,,—,,—,,8,
    Domestic,,—,,—,,—,,—,,—,,—,,—,,—,,—,,—,,—,,—,,-3,,-3,,7,,8,,—,,—,,—,,—,,-8,
Airlines- Fuel Price per Gallon/Liter,,—,,—,,—,,—,,—,,—,,—,,—,,—,,—,,—,,—,,—,,—,,—,,—,,—,,—,,—,,—,,—,
  Railroad Operation,,—,,9100,,14160,,18820,,20990,,30480,,16900,,22560,,30850,,31690,,30930,,29030,,17430,,14260,,17380,,21800,,19980,,13580,,19430,,36320,,29010,
Cargo Tonnes,,172326000,1.0,181153000,1.0,186653000,1.0,190567000,1.0,185965000,1.0,194228000,1.0,157520000,1.0,170831000,1.0,177880000,1.0,156109000,1.0,150070000,1.0,141831000,1.0,119981000,1.0,99677000,1.0,115579000,1.0,114644000,1.0,101819000,1.0,64386000,1.0,73454000,1.0,76664000,1.0,75892000,1.0
  Coal,,172326000,1.0,181153000,1.0,186653000,1.0,190567000,1.0,185965000,1.0,194228000,1.0,157520000,1.0,170831000,1.0,177880000,1.0,156109000,1.0,150070000,1.0,141831000,1.0,119981000,1.0,99677000,1.0,115579000,1.0,114644000,1.0,101819000,1.0,64386000,1.0,73454000,1.0,76664000,1.0,75892000,1.0
    Export,,12312000,0.0714459802931653,16583000,0.0915414042273658,14531000,0.07785034261437,12409000,0.0651162058488616,15564000,0.0836931680692603,23069000,0.118772782503038,17885000,0.113541137633316,22750000,0.133172550649472,28461000,0.160001124353497,28304000,0.181309213434203,28631000,0.190784300659692,23218000,0.163701870536061,16193000,0.134963035814004,14608000,0.146553367376626,26460000,0.228934321978906,28046000,0.2446355674959,23324000,0.229073159233542,18900000,0.293542074363992,24886000,0.338797070275274,25887000,0.337668266722321,31005000,0.40854108469931
    Utility,,129904000,0.753827048733215,134085000,0.740175431817304,142522000,0.763566618270266,148078000,0.777039046634517,142734000,0.767531524749281,144451000,0.743718722326338,120278000,0.763572879634332,120737000,0.706762824077597,122004000,0.685878120080954,101636000,0.651057914662191,97146000,0.647337908975811,93884000,0.661942734663085,81137000,0.676248739383736,65033000,0.652437372713866,67899000,0.587468311717527,65688000,0.572973727364712,60278000,0.592011314194797,32479000,0.504441959432175,33169000,0.451561521496447,35705000,0.465733590733591,30419000,0.400819585727086
    Domestic Metallurgical,,20486000,0.118879333356545,20686000,0.11419076692078,20076000,0.107557874772974,20878000,0.109557268572208,17873000,0.096109482967225,18155000,0.0934726198076487,11848000,0.0752158456069071,19771000,0.115734263687504,19702000,0.110760062963796,18793000,0.120383834372137,16905000,0.112647431198774,16130000,0.113726900325035,14450000,0.120435735658146,13884000,0.139289906397664,15675000,0.135621522941019,15500000,0.135201144412268,13562000,0.133197143951522,9441000,0.146631255241823,11804000,0.160699213112969,11307000,0.147487738703955,11096000,0.146207768934802
    Industrial,,—,,9799000,0.0540923970345509,9524000,0.0510251643423894,9202000,0.0482874789444133,9794000,0.0526658242142339,8553000,0.0440358753629755,7509000,0.0476701371254444,7573000,0.0443303615854265,7713000,0.043360692601754,7376000,0.0472490375314684,7388000,0.0492303591657227,8599000,0.0606284944758198,8201000,0.0683524891441145,6152000,0.0617193535118433,5545000,0.0479758433625486,5410000,0.0471895607271205,4655000,0.0457183826201397,3566000,0.0553847109620104,3595000,0.0489421951153103,3765000,0.0491104038401336,3372000,0.0444315606388025
    Other,,9624000,0.0558476376170746,—,,—,,—,,—,,—,,—,,—,,—,,—,,—,,—,,—,,—,,—,,—,,—,,—,,—,,—,,—,
Avg Number of Employees,,—,,—,,—,,—,,—,,—,,—,,—,,—,,—,,—,,—,,—,,—,,—,,—,,—,,—,,—,,—,,—,
  Railroad Operation,,—,,28057,,29851,,30079,,30336,,30709,,28173,,28160,,29933,,30543,,29698,,29063,,30057,,27856,,26955,,26512,,24442,,20029,,18370,,18777,,20190,
Carloads/Unit Volumes,,—,,—,,—,,7900.9,1.0,7593,1.0,—,,—,,—,,—,,7107.2,1.0,7340.9,1.0,7674.9,1.0,7478.9,1.0,7259.7,1.0,7611.5,1.0,7928.3,1.0,7553.6,1.0,6683.5,1.0,7031.7,1.0,6834.5,1.0,6744.4,1.0
  Intermodal,,—,,—,,—,,3256.5,0.412168233998658,3120.7,0.410996970894245,—,,—,,—,,—,,3358.3,0.472520823953174,3572.3,0.486629704804588,3845.2,0.50100978514378,3861,0.516252390057361,3870.4,0.533134978029395,4074.1,0.535255862839125,4375.7,0.551908984271534,4207.2,0.556979453505613,3992.1,0.597306800329169,4104.1,0.583656868182658,3913.1,0.57255102787329,3822.4,0.566751675464089
    International,,—,,—,,—,,—,,—,,—,,—,,—,,—,,—,,—,,1279,0.166647122438077,1360.6,0.181925149420369,1454.2,0.200311307629792,1489.1,0.195638179071142,—,,—,,—,,—,,—,,—,
    Domestic,,—,,—,,—,,—,,—,,—,,—,,—,,—,,—,,—,,2566.2,0.334362662705703,2500.4,0.334327240636992,2416.2,0.332823670399603,2585,0.339617683767983,—,,—,,—,,—,,—,,—,
  Merchandise,,—,,—,,—,,2884.4,0.365072333531623,2772.9,0.365191623864085,—,,—,,—,,—,,2334.8,0.328511931562359,2421.9,0.329918674821888,2545.3,0.331639500188928,2538.2,0.339381459840351,2487.2,0.342603688857666,2491.4,0.327320501872167,2519.1,0.317735201745645,2432.4,0.322018640118619,2117.3,0.316795092391711,2269.6,0.322766898474053,2236.8,0.327280708171776,2244.9,0.332853923254848
"    Agriculture, Forest & Consumer Products",,—,,—,,—,,—,,—,,—,,—,,—,,—,,—,,—,,—,,—,,—,,—,,790.7,0.0997313421540557,763.7,0.101104109298877,704.4,0.105393880451859,725.5,0.103175618982607,723,0.105786816884922,734.3,0.108875511535496
    Metals and Construction,,—,,—,,—,,835.3,0.105722132921566,783.6,0.103200316080601,—,,—,,—,,—,,669.7,0.0942283881134624,666.9,0.0908471713277664,725.6,0.0945419484292955,672.4,0.0899062696385832,685.8,0.0944667135005579,761.2,0.100006569007423,719.8,0.0907886936669904,685.1,0.0906984748993857,601.2,0.0899528690057605,669,0.0951405776696958,634.6,0.0928524398273465,634.1,0.0940187414744084
    Chemicals,,—,,—,,—,,426.4,0.0539685352301636,426.7,0.0561964967733439,—,,—,,—,,—,,388.8,0.0547050877982891,449.2,0.0611914070481821,502.6,0.0654861952598731,527.6,0.070545133642648,475.7,0.0655261236690221,488.6,0.0641923405373448,604.7,0.0762710795504711,588.9,0.077962825672527,482,0.0721179022967008,529.7,0.0753302899725529,540.1,0.0790255322262053,515,0.0763596465215586
    Automotive,,—,,—,,—,,561.9,0.0711184801731448,533,0.0701962333728434,—,,—,,—,,—,,374.6,0.052707113912652,402.1,0.0547753000313313,410.1,0.0534339209631396,429.3,0.0574014895238605,440.5,0.0606774384616444,423.1,0.0555869408132431,403.9,0.0509440863741281,394.7,0.0522532302478288,329.7,0.0493304406373906,345.4,0.0491204118491972,339.1,0.0496159192333016,361.5,0.0536000237233853
    Forest and Consumer,,—,,—,,—,,—,,—,,—,,—,,—,,—,,—,,—,,—,,—,,—,,293.7,0.0385863496025751,—,,—,,—,,—,,—,,—,
    Agriculture Products,,—,,—,,—,,—,,—,,—,,—,,—,,—,,—,,—,,—,,—,,—,,524.8,0.0689483019115811,—,,—,,—,,—,,—,,—,
    Paper/Clay/Forest,,—,,—,,—,,466.7,0.0590692199622828,428.1,0.0563808771236665,—,,—,,—,,—,,305.8,0.0430267897343539,309.4,0.0421474206160008,303.2,0.0395054007218335,299.9,0.0400994798700344,284,0.039120073832252,—,,—,,—,,—,,—,,—,,—,
    Agriculture/Consumer/Government,,—,,—,,—,,594.1,0.0751939652444658,601.5,0.079217700513631,—,,—,,—,,—,,595.9,0.083844552003602,594.3,0.0809573757986078,603.8,0.0786720348147859,609,0.0814290871652248,601.2,0.0828133393941898,—,,—,,—,,—,,—,,—,,—,
  Coal,,—,,—,,—,,1760,0.222759432469719,1699.4,0.22381140524167,—,,—,,—,,—,,1414.1,0.198967244484466,1346.7,0.183451620373524,1284.4,0.167350714667292,1079.7,0.144366150102288,902.1,0.124261333112939,1046,0.137423635288708,1033.5,0.130355813982821,914,0.121001906375768,574.1,0.0858981072791202,658,0.0935762333432882,684.6,0.100168263954935,677.1,0.100394401281063
Revenue Ton-Miles / Kms,,—,,198300,1.0,202800,1.0,203800,1.0,196000,1.0,195300,1.0,158500,1.0,182000,1.0,191700,1.0,185600,1.0,193600,1.0,205000,1.0,199700,1.0,190500,1.0,201500,1.0,207400,1.0,194000,1.0,164100,1.0,178100,1.0,178600,1.0,176000,1.0
  Merchandise,,—,,108200,0.545637922339889,111200,0.548323471400395,112800,0.553483807654563,109600,0.559183673469388,104900,0.537122375832053,83700,0.52807570977918,97700,0.536813186813187,100700,0.525299947835159,100800,0.543103448275862,107700,0.556301652892562,118000,0.575609756097561,120300,0.602403605408112,115400,0.605774278215223,118300,0.587096774193548,122200,0.589199614271938,115800,0.596907216494845,100200,0.610603290676417,108300,0.608085345311623,108000,0.604703247480403,107100,0.608522727272727
  Intermodal,,—,,31900,0.160867372667675,32300,0.159270216962525,31100,0.152600588812561,28200,0.143877551020408,28300,0.144905273937532,25900,0.163406940063091,32000,0.175824175824176,34400,0.179447052686489,36600,0.197198275862069,38400,0.198347107438017,40100,0.195609756097561,39900,0.199799699549324,41500,0.217847769028871,43200,0.21439205955335,46400,0.223722275795564,43700,0.225257731958763,42500,0.258988421694089,43700,0.245367770915216,43300,0.242441209406495,41400,0.235227272727273
  Coal,,—,,58200,0.293494704992436,59300,0.292406311637081,59900,0.293915603532875,58200,0.296938775510204,62100,0.317972350230415,48900,0.308517350157729,52300,0.287362637362637,56600,0.295252999478352,48200,0.259698275862069,47500,0.245351239669421,46900,0.228780487804878,39500,0.197796695042564,33600,0.176377952755906,40000,0.198511166253102,38800,0.187078109932498,34500,0.177835051546392,21400,0.130408287629494,26100,0.146546883773161,27300,0.152855543113102,27500,0.15625
Average Age,,—,,—,,—,,—,,—,,—,,—,,—,,—,,—,,—,,—,,—,,—,,—,,—,,—,,—,,—,,—,,—,
  Retired Freight Cars,,—,,—,,—,,—,,—,,—,,—,,—,,—,,—,,—,,—,,—,,37.3,,44.7,,44.7,,44.7,,42.7,,42.2,,45.5,,40.8,
  Freight Cars,,26.6,,27.6,,29.4,,30,,30.1,,29.9,,30.3,,31,,30.3,,30.2,,30.2,,30.1,,29.6,,24.1,,28.5,,28.7,,28.7,,25.6,,25.7,,25.9,,28.5,
  Locomotives,,15.3,,16.8,,17.4,,17.7,,18.1,,18.9,,19.9,,20.5,,21,,21.6,,22.5,,23.1,,23.9,,28.6,,24.4,,25.2,,25.2,,25.7,,26.7,,27.6,,25.4,
  Retired Locomotives,,28.7,,22.9,,27.4,,35,,30,,34.4,,31.2,,28.4,,31.7,,41.2,,38.7,,35.3,,43.4,,37.2,,33.2,,42.9,,42.9,,31.3,,31.5,,25.2,,23,
Source: Bloomberg,,,,,,,,,,,,,,,,,,,,,,,,,,,,,,,,,,,,,,,,,,,
