Unnamed: 0,Unnamed: 1,Unnamed: 2,Unnamed: 3,Unnamed: 4,Unnamed: 5,Unnamed: 6,Unnamed: 7,Unnamed: 8,Unnamed: 9,Unnamed: 10,Unnamed: 11,Unnamed: 12,Unnamed: 13,Unnamed: 14,Unnamed: 15,Unnamed: 16,Unnamed: 17,Unnamed: 18,Unnamed: 19,Unnamed: 20,Unnamed: 21,Unnamed: 22,Unnamed: 23,Unnamed: 24,Unnamed: 25,Unnamed: 26,Unnamed: 27,Unnamed: 28,Unnamed: 29,Unnamed: 30,Unnamed: 31,Unnamed: 32,Unnamed: 33,Unnamed: 34,Unnamed: 35,Unnamed: 36,Unnamed: 37,Unnamed: 38,Unnamed: 39,Unnamed: 40,Unnamed: 41,Unnamed: 42,Unnamed: 43,Unnamed: 44,Unnamed: 45,Unnamed: 46,Unnamed: 47,Unnamed: 48,Unnamed: 49,Unnamed: 50,Unnamed: 51,Unnamed: 52,Unnamed: 53,Unnamed: 54,Unnamed: 55,Unnamed: 56,Unnamed: 57,Unnamed: 58,Unnamed: 59,Unnamed: 60,Unnamed: 61,Unnamed: 62,Unnamed: 63,Unnamed: 64,Unnamed: 65,Unnamed: 66,Unnamed: 67,Unnamed: 68,Unnamed: 69,Unnamed: 70,Unnamed: 71,Unnamed: 72,Unnamed: 73,Unnamed: 74,Unnamed: 75,Unnamed: 76,Unnamed: 77,Unnamed: 78,Unnamed: 79
Norfolk Southern Corp (NSC US) - By Measure,,,,,,,,,,,,,,,,,,,,,,,,,,,,,,,,,,,,,,,,,,,,,,,,,,,,,,,,,,,,,,,,,,,,,,,,,,,,,,,
,,,,,,,,,,,,,,,,,,,,,,,,,,,,,,,,,,,,,,,,,,,,,,,,,,,,,,,,,,,,,,,,,,,,,,,,,,,,,,,
In Millions of USD except Per Share,,Q4 2003,,Q1 2004,,Q2 2004,,Q3 2004,,Q4 2004,,Q1 2005,,Q2 2005,,Q3 2005,,Q4 2005,,Q1 2006,,Q2 2006,,Q3 2006,,Q4 2006,,Q1 2007,,Q2 2007,,Q3 2007,,Q4 2007,,Q1 2008,,Q2 2008,,Q3 2008,,Q4 2008,,Q1 2009,,Q2 2009,,Q3 2009,,Q4 2009,,Q1 2010,,Q2 2010,,Q3 2010,,Q4 2010,,Q1 2011,,Q2 2011,,Q3 2011,,Q4 2011,,Q1 2012,,Q2 2012,,Q3 2012,,Q4 2012,,Q1 2013,,Q2 2013,
3 Months Ending,,12/31/2003,,03/31/2004,,06/30/2004,,09/30/2004,,12/31/2004,,03/31/2005,,06/30/2005,,09/30/2005,,12/31/2005,,03/31/2006,,06/30/2006,,09/30/2006,,12/31/2006,,03/31/2007,,06/30/2007,,09/30/2007,,12/31/2007,,03/31/2008,,06/30/2008,,09/30/2008,,12/31/2008,,03/31/2009,,06/30/2009,,09/30/2009,,12/31/2009,,03/31/2010,,06/30/2010,,09/30/2010,,12/31/2010,,03/31/2011,,06/30/2011,,09/30/2011,,12/31/2011,,03/31/2012,,06/30/2012,,09/30/2012,,12/31/2012,,03/31/2013,,06/30/2013,
Revenue,,1676,1.0,1693,1.0,1813,1.0,1857,1.0,1949,1.0,1961,1.0,2154,1.0,2155,1.0,2257,1.0,2303,1.0,2392,1.0,2393,1.0,2319,1.0,2247,1.0,2378,1.0,2353,1.0,2454,1.0,2500,1.0,2765,1.0,2894,1.0,2502,1.0,1943,1.0,1857,1.0,2063,1.0,2106,1.0,2238,1.0,2430,1.0,2456,1.0,2392,1.0,2620,1.0,2866,1.0,2889,1.0,2797,1.0,2789,1.0,—,,2693,1.0,2684,1.0,2738,1.0,2802,1.0
  Railroad Operation,,1676,1.0,1693,1.0,1813,1.0,1857,1.0,1949,1.0,1961,1.0,2154,1.0,2155,1.0,2257,1.0,2303,1.0,2392,1.0,2393,1.0,2319,1.0,2247,1.0,2378,1.0,2353,1.0,2454,1.0,2500,1.0,2765,1.0,2894,1.0,2502,1.0,1943,1.0,1857,1.0,2063,1.0,2106,1.0,2238,1.0,2430,1.0,2456,1.0,2392,1.0,2620,1.0,2866,1.0,2889,1.0,2797,1.0,2789,1.0,—,,2693,1.0,2684,1.0,2738,1.0,2802,1.0
Revenue - Supplementary Breakdown,,1676,1.0,1693,1.0,1813,1.0,1857,1.0,1949,1.0,1961,1.0,2154,1.0,2155,1.0,2257,1.0,2303,1.0,2392,1.0,2393,1.0,2319,1.0,2247,1.0,2378,1.0,2353,1.0,2454,1.0,2500,1.0,2765,1.0,2894,1.0,2502,1.0,1943,1.0,1857,1.0,2063,1.0,2106,1.0,2238,1.0,2430,1.0,2456,1.0,2392,1.0,2620,1.0,2866,1.0,2889,1.0,2797,1.0,2789,1.0,2874,1.0,2693,1.0,2684,1.0,2738,1.0,2802,1.0
  General Merchandise,,956,0.570405727923628,967,0.571175428233904,1025,0.565361279646994,1006,0.541733979536887,1049,0.538224730631093,1086,0.553799082100969,1148,0.532961931290622,1138,0.528074245939675,1214,0.537882144439522,1278,0.554928354320452,1311,0.548076923076923,1283,0.536147095695779,1234,0.532125916343251,1228,0.546506453048509,1320,0.555088309503785,1291,0.548661283467913,1357,0.552974735126324,1352,0.5408,1458,0.527305605786618,1458,0.503800967519005,1224,0.489208633093525,975,0.501801338136902,978,0.526655896607431,1103,0.534658264663112,1119,0.531339031339031,1199,0.535746201966041,1283,0.52798353909465,1283,0.522394136807818,1236,0.516722408026756,1319,0.503435114503817,1433,0.5,1439,0.49809622706819,1393,0.498033607436539,1496,0.536392972391538,1556,0.541405706332637,1425,0.529149647233568,1443,0.537630402384501,1530,0.558802045288532,1588,0.566738044254104
    Chemicals,,—,,203,0.119905493207324,214,0.118036403750689,226,0.121701669359181,221,0.113391482811698,231,0.117797042325344,245,0.113741875580316,252,0.116937354988399,245,0.108551174124945,259,0.112462006079027,268,0.112040133779264,286,0.119515252820727,266,0.114704614057784,274,0.121940364931019,297,0.124894869638352,297,0.126221844453889,298,0.121434392828036,305,0.122,322,0.116455696202532,337,0.116447823082239,274,0.10951239008793,236,0.121461657231086,245,0.131933225632741,297,0.14396509936985,278,0.132003798670465,314,0.140303842716711,334,0.137448559670782,340,0.138436482084691,314,0.131270903010033,338,0.129007633587786,355,0.123866015352408,353,0.122187608168917,322,0.115123346442617,362,0.129795625672284,379,0.13187195546277,370,0.137393241737839,356,0.132637853949329,394,0.143900657414171,415,0.148108493932905
    Agriculture/Consumer/Government,,—,,176,0.103957471943296,182,0.1003861003861,179,0.0963920301561659,190,0.0974858902001026,193,0.098419173890872,200,0.0928505106778087,203,0.094199535962877,249,0.110323438192291,264,0.114633087277464,239,0.0999163879598662,239,0.099874634350188,252,0.108667529107374,241,0.107254116599911,254,0.106812447434819,264,0.112197195070123,288,0.117359413202934,299,0.1196,326,0.117902350813743,338,0.116793365583967,319,0.127498001598721,278,0.143077714873906,287,0.154550350026925,296,0.14348036839554,320,0.151946818613485,325,0.145218945487042,322,0.132510288065844,331,0.134771986970684,348,0.145484949832776,351,0.133969465648855,369,0.128750872295883,357,0.123572170301142,362,0.129424383267787,370,0.132664037289351,370,0.128740431454419,344,0.127738581507612,362,0.134873323397914,361,0.131848064280497,366,0.130620985010707
    Metals/Construction,,—,,183,0.108092144122859,209,0.115278543849972,214,0.115239633817986,212,0.108773730118009,224,0.114227434982152,243,0.112813370473538,252,0.116937354988399,259,0.114754098360656,279,0.121146330872775,304,0.127090301003344,316,0.132051817801922,269,0.115998275118586,275,0.122385402759235,298,0.125315391084945,287,0.121971950701232,289,0.117766911165444,305,0.122,352,0.127305605786618,357,0.123358673116793,237,0.0947242206235012,183,0.0941842511580031,171,0.0920840064620355,205,0.099369849733398,186,0.0883190883190883,232,0.103663985701519,279,0.114814814814815,264,0.107491856677524,238,0.0994983277591973,269,0.102671755725191,320,0.111653872993719,340,0.117687781239183,312,0.111548087236325,342,0.122624596629616,369,0.12839248434238,314,0.116598588934274,310,0.115499254843517,336,0.122717311906501,350,0.124910778015703
    Automotive,,—,,248,0.146485528647372,252,0.138996138996139,210,0.113085621970921,244,0.125192406362237,251,0.127995920448751,263,0.122098421541318,229,0.106264501160093,254,0.112538768276473,262,0.113764654798089,276,0.115384615384615,211,0.0881738403677392,225,0.0970245795601552,227,0.101023587004895,255,0.107232968881413,221,0.0939226519337017,271,0.110431947840261,228,0.0912,227,0.0820976491862568,185,0.0639253628196268,183,0.0731414868105516,112,0.0576428203808544,110,0.0592353257942919,136,0.0659234125060591,169,0.0802469135802469,159,0.0710455764075067,166,0.0683127572016461,163,0.0663680781758958,160,0.0668896321070234,177,0.0675572519083969,198,0.0690858339148639,191,0.0661128418137764,214,0.0765105470146586,226,0.0810326281821441,239,0.0831593597773139,203,0.0753806164129224,229,0.0853204172876304,244,0.0891161431701972,261,0.0931477516059957
    Paper/Clay/Forest,,—,,157,0.0927347903130537,168,0.0926640926640927,177,0.0953150242326333,182,0.0933812211390457,187,0.0953595104538501,197,0.0914577530176416,202,0.0937354988399072,207,0.0917146654851573,214,0.092922275293096,224,0.0936454849498328,231,0.0965315503552027,222,0.0957309184993532,211,0.093902981753449,216,0.0908326324642557,222,0.0943476413089673,211,0.0859820700896496,215,0.086,231,0.0835443037974684,241,0.0832757429163787,211,0.0843325339728217,166,0.085434894493052,165,0.0888529886914378,169,0.0819195346582647,166,0.0788224121557455,169,0.0755138516532618,182,0.0748971193415638,185,0.0753257328990228,176,0.0735785953177258,184,0.0702290076335878,191,0.0666434054431263,198,0.0685358255451713,183,0.0654272434751519,196,0.0702760846181427,199,0.069241475295755,194,0.0720386186409209,186,0.0692995529061103,195,0.0712198685171658,196,0.0699500356887937
  Coal,,385,0.229713603818616,398,0.235085646780862,424,0.233866519580805,447,0.240710823909532,459,0.235505387378143,467,0.23814380418154,578,0.268337975858867,546,0.253364269141531,524,0.232166592822331,559,0.242726877985237,584,0.244147157190635,595,0.248641872127037,592,0.255282449331608,557,0.247886070315977,579,0.243481917577796,578,0.245643858903527,601,0.244906275468623,662,0.2648,775,0.280289330922242,876,0.302695231513476,798,0.3189448441247,602,0.309830159547092,511,0.275175013462574,571,0.276781386330587,580,0.275403608736942,629,0.281054512957998,696,0.28641975308642,709,0.288680781758958,685,0.286371237458194,816,0.311450381679389,893,0.311584089323098,899,0.311180339217722,850,0.303897032534859,766,0.27465041233417,755,0.262700069589422,701,0.260304493130338,657,0.24478390461997,635,0.231921110299489,626,0.223411848679515
  Intermodal,,335,0.199880668257757,328,0.193738924985233,364,0.200772200772201,404,0.217555196553581,441,0.226269881990765,408,0.208057113717491,428,0.198700092850511,471,0.218561484918794,519,0.229951262738148,466,0.202344767694312,497,0.207775919732441,515,0.215211032177183,493,0.21259163432514,462,0.205607476635514,479,0.201429772918419,484,0.205694857628559,496,0.202118989405053,486,0.1944,532,0.192405063291139,560,0.193503800967519,480,0.191846522781775,366,0.188368502316006,368,0.198169089929995,389,0.188560349006302,407,0.193257359924027,410,0.183199285075961,451,0.18559670781893,464,0.188925081433225,471,0.19690635451505,485,0.185114503816794,540,0.188415910676902,551,0.190723433714088,554,0.198069360028602,527,0.188956615274292,563,0.19589422407794,567,0.210545859636094,584,0.217585692995529,573,0.20927684441198,588,0.209850107066381
Gross Profit,,—,,—,,—,,—,,—,,543,1.0,—,,—,,—,,—,,—,,—,,—,,—,,—,,—,,—,,—,,—,,—,,—,,—,,—,,—,,—,,—,,—,,—,,—,,—,,—,,—,,—,,—,,—,,—,,—,,—,,—,
  Railroad Operation,,—,,—,,—,,—,,—,,543,1.0,—,,—,,—,,—,,—,,—,,—,,—,,—,,—,,—,,—,,—,,—,,—,,—,,—,,—,,—,,—,,—,,—,,—,,—,,—,,—,,—,,—,,—,,—,,—,,—,,—,
Operating Income,,224,1.0,346,1.0,425,1.0,469,1.0,462,1.0,-1015,,592,1.0,528,1.0,594,1.0,551,1.0,677,1.0,715,1.0,614,1.0,528,1.0,690,1.0,681,1.0,686,1.0,578,1.0,799,1.0,894,1.0,813,1.0,383,1.0,468,1.0,562,1.0,549,1.0,555,1.0,733,1.0,746,1.0,642,1.0,600,1.0,875,1.0,938,1.0,800,1.0,745,1.0,—,,731,1.0,714,1.0,691,1.0,836,1.0
  Railroad Operation,,224,1.0,346,1.0,425,1.0,469,1.0,462,1.0,-1015,1.0,592,1.0,528,1.0,594,1.0,551,1.0,677,1.0,715,1.0,614,1.0,528,1.0,690,1.0,681,1.0,686,1.0,578,1.0,799,1.0,894,1.0,813,1.0,383,1.0,468,1.0,562,1.0,549,1.0,555,1.0,733,1.0,746,1.0,642,1.0,600,1.0,875,1.0,938,1.0,800,1.0,745,1.0,—,,731,1.0,714,1.0,691,1.0,836,1.0
Interest Expense,,124,1.0,121,1.0,121,1.0,121,1.0,126,1.0,128,1.0,126,1.0,119,1.0,121,1.0,120,1.0,121,1.0,120,1.0,115,1.0,115,1.0,111,1.0,107,1.0,108,1.0,109,1.0,112,1.0,111,1.0,112,1.0,117,1.0,113,1.0,118,1.0,119,1.0,119,1.0,115,1.0,113,1.0,115,1.0,112,1.0,113,1.0,114,1.0,116,1.0,120,1.0,—,,124,1.0,129,1.0,129,1.0,128,1.0
  Railroad Operation,,124,1.0,121,1.0,121,1.0,121,1.0,126,1.0,128,1.0,126,1.0,119,1.0,121,1.0,120,1.0,121,1.0,120,1.0,115,1.0,115,1.0,111,1.0,107,1.0,108,1.0,109,1.0,112,1.0,111,1.0,112,1.0,117,1.0,113,1.0,118,1.0,119,1.0,119,1.0,115,1.0,113,1.0,115,1.0,112,1.0,113,1.0,114,1.0,116,1.0,120,1.0,—,,124,1.0,129,1.0,129,1.0,128,1.0
Pretax Income,,62,1.0,235,1.0,304,1.0,388,1.0,375,1.0,-1141,,475,1.0,441,1.0,504,1.0,466,1.0,589,1.0,636,1.0,539,1.0,420,1.0,600,1.0,605,1.0,612,1.0,476,1.0,733,1.0,822,1.0,719,1.0,283,1.0,391,1.0,481,1.0,467,1.0,456,1.0,635,1.0,714,1.0,562,1.0,515,1.0,796,1.0,884,1.0,723,1.0,654,1.0,—,,640,1.0,621,1.0,697,1.0,737,1.0
  Railroad Operation,,62,1.0,235,1.0,304,1.0,388,1.0,375,1.0,-1141,1.0,475,1.0,441,1.0,504,1.0,466,1.0,589,1.0,636,1.0,539,1.0,420,1.0,600,1.0,605,1.0,612,1.0,476,1.0,733,1.0,822,1.0,719,1.0,283,1.0,391,1.0,481,1.0,467,1.0,456,1.0,635,1.0,714,1.0,562,1.0,515,1.0,796,1.0,884,1.0,723,1.0,654,1.0,—,,640,1.0,621,1.0,697,1.0,737,1.0
Income Taxes,,10,1.0,77,1.0,91,1.0,100,1.0,111,1.0,83,1.0,51,1.0,140,1.0,142,1.0,161,1.0,214,1.0,220,1.0,154,1.0,135,1.0,206,1.0,219,1.0,213,1.0,185,1.0,280,1.0,302,1.0,267,1.0,106,1.0,144,1.0,178,1.0,160,1.0,199,1.0,243,1.0,269,1.0,160,1.0,190,1.0,239,1.0,330,1.0,243,1.0,244,1.0,—,,238,1.0,208,1.0,247,1.0,272,1.0
  Railroad Operation,,10,1.0,77,1.0,91,1.0,100,1.0,111,1.0,83,1.0,51,1.0,140,1.0,142,1.0,161,1.0,214,1.0,220,1.0,154,1.0,135,1.0,206,1.0,219,1.0,213,1.0,185,1.0,280,1.0,302,1.0,267,1.0,106,1.0,144,1.0,178,1.0,160,1.0,199,1.0,243,1.0,269,1.0,160,1.0,190,1.0,239,1.0,330,1.0,243,1.0,244,1.0,—,,238,1.0,208,1.0,247,1.0,272,1.0
Net Income,,52,1.0,158,1.0,213,1.0,288,1.0,264,1.0,-1224,,424,1.0,301,1.0,362,1.0,305,1.0,375,1.0,416,1.0,385,1.0,285,1.0,394,1.0,386,1.0,399,1.0,291,1.0,453,1.0,520,1.0,452,1.0,177,1.0,247,1.0,303,1.0,307,1.0,257,1.0,392,1.0,445,1.0,402,1.0,325,1.0,557,1.0,554,1.0,480,1.0,410,1.0,—,,402,1.0,413,1.0,450,1.0,465,1.0
  Railroad Operation,,52,1.0,158,1.0,213,1.0,288,1.0,264,1.0,-1224,1.0,424,1.0,301,1.0,362,1.0,305,1.0,375,1.0,416,1.0,385,1.0,285,1.0,394,1.0,386,1.0,399,1.0,291,1.0,453,1.0,520,1.0,452,1.0,177,1.0,247,1.0,303,1.0,307,1.0,257,1.0,392,1.0,445,1.0,402,1.0,325,1.0,557,1.0,554,1.0,480,1.0,410,1.0,—,,402,1.0,413,1.0,450,1.0,465,1.0
Revenue Per Unit,,—,,—,,—,,—,,—,,—,,—,,—,,—,,—,,—,,—,,—,,—,,—,,—,,—,,—,,—,,—,,—,,—,,—,,—,,—,,—,,—,,—,,—,,—,,—,,—,,—,,—,,—,,—,,—,,—,,—,
  General Merchandise,,—,,1377,,1385,,1006,,1404,,1517,,1537,,1596,,1685,,1731,,1737,,1799,,1820,,1807,,1822,,1866,,2005,,2047,,2115,,2232,,2221,,2083,,2093,,2078,,2065,,2213,,2166,,2183,,2215,,2364,,2461,,2488,,2461,,2549,,2576,,2502,,2513,,2619,,2580,
    Chemicals,,—,,1844,,1908,,1950,,1927,,2058,,2104,,2247,,2347,,2415,,2495,,2612,,2599,,2587,,2712,,2748,,2886,,2986,,3095,,3275,,3234,,2941,,3047,,3090,,3151,,3249,,3158,,3176,,3251,,3532,,3727,,3696,,3697,,3772,,3844,,3739,,3733,,3719,,3642,
    Paper/Clay/Forest,,—,,1459,,1490,,1546,,1524,,1650,,1686,,1766,,1783,,1806,,1889,,1964,,1982,,1936,,1981,,2045,,2886,,2139,,2261,,2376,,2349,,2222,,2239,,2123,,2110,,2150,,2142,,2180,,2214,,2303,,2420,,2454,,2439,,2552,,2593,,2530,,2468,,2539,,2570,
    Agriculture/Consumer/Government,,—,,1251,,1292,,1264,,1278,,1323,,1365,,1440,,1691,,1760,,1638,,1617,,1677,,1644,,1701,,1747,,1861,,1968,,2077,,2136,,2193,,2129,,2125,,2097,,2047,,2054,,2103,,2146,,2150,,2257,,2460,,2487,,2406,,2429,,2464,,2415,,2399,,2441,,2475,
    Automotive,,—,,1486,,1480,,1508,,1503,,1579,,1603,,1645,,1656,,1697,,1726,,1774,,1752,,1717,,1733,,1784,,2083,,1908,,1954,,2125,,2049,,1817,,1798,,1825,,1836,,2266,,2277,,2202,,2186,,2258,,2334,,2384,,2406,,2345,,2431,,2363,,2437,,2467,,2456,
    Metals/Construction,,—,,1033,,1024,,1042,,1048,,1206,,1197,,1222,,1297,,1341,,1362,,1441,,1455,,1480,,1423,,1433,,1540,,1636,,1675,,1752,,1672,,1514,,1460,,1471,,1467,,1680,,1586,,1576,,1620,,1810,,1846,,1905,,1896,,2068,,2047,,1897,,1954,,2172,,2045,
  Coal,,—,,979,,992,,1045,,1022,,1111,,1314,,1209,,1236,,1282,,1304,,1362,,1349,,1326,,1332,,1353,,1441,,1551,,1729,,1941,,1817,,1581,,1538,,1627,,1634,,1726,,1765,,1762,,1732,,2009,,2217,,2219,,2097,,2134,,2126,,2014,,1867,,1850,,1833,
  Intermodal,,—,,506,,514,,532,,531,,561,,562,,569,,619,,595,,605,,614,,607,,598,,611,,612,,640,,656,,698,,708,,653,,604,,600,,608,,607,,605,,616,,609,,624,,649,,674,,667,,663,,671,,671,,653,,674,,669,,667,
Revenue Growth %,,—,,—,,—,,—,,—,,—,,—,,—,,—,,—,,—,,—,,—,,—,,—,,—,,—,,—,,—,,—,,—,,—,,—,,—,,—,,—,,—,,—,,—,,—,,—,,—,,—,,—,,—,,—,,—,,—,,—,
  Coal,,—,,12,,9,,20,,—,,17,,36,,22,,14,,20,,1,,9,,13,,-4,,1,,3,,2,,19,,34,,52,,33,,9,,34,,35,,-27,,4,,36,,24,,18,,30,,28,,27,,24,,6,,15,,22,,-23,,17,,17,
  Intermodal,,—,,13,,21,,28,,—,,24,,18,,17,,18,,14,,16,,9,,-5,,1,,4,,6,,1,,5,,11,,16,,-3,,25,,31,,31,,-15,,12,,23,,19,,16,,18,,20,,19,,18,,9,,4,,3,,5,,9,,4,
  General Merchandise,,—,,5,,9,,10,,—,,12,,12,,13,,16,,18,,14,,13,,2,,4,,1,,1,,10,,10,,10,,13,,-10,,28,,33,,24,,-9,,23,,31,,16,,10,,10,,12,,12,,13,,13,,9,,1,,4,,2,,2,
Property/Plant/Equipment,,11779,1.0,11819,1.0,11915,1.0,20368,1.0,20526,1.0,20474,1.0,20471,1.0,20481,1.0,20705,1.0,20756,1.0,20886,1.0,20970,1.0,21098,1.0,21128,1.0,21245,1.0,21345,1.0,21583,1.0,21697,1.0,21824,1.0,22032,1.0,22247,1.0,22292,1.0,22375,1.0,22490,1.0,22643,1.0,22697,1.0,22786,1.0,22893,1.0,23231,1.0,23451,1.0,23671,1.0,23978,1.0,24469,1.0,24703,1.0,—,,25260,1.0,25736,1.0,25870,1.0,26098,1.0
  Railroad Operation,,11779,1.0,11819,1.0,11915,1.0,20368,1.0,20526,1.0,20474,1.0,20471,1.0,20481,1.0,20705,1.0,20756,1.0,20886,1.0,20970,1.0,21098,1.0,21128,1.0,21245,1.0,21345,1.0,21583,1.0,21697,1.0,21824,1.0,22032,1.0,22247,1.0,22292,1.0,22375,1.0,22490,1.0,22643,1.0,22697,1.0,22786,1.0,22893,1.0,23231,1.0,23451,1.0,23671,1.0,23978,1.0,24469,1.0,24703,1.0,—,,25260,1.0,25736,1.0,25870,1.0,26098,1.0
Goodwill,,0,,0,,0,,0,,0,,—,,0,,—,,0,,0,,0,,0,,0,,0,,0,,0,,0,,0,,0,,0,,0,,—,,—,,—,,0,,—,,—,,—,,0,,—,,—,,—,,0,,—,,—,,—,,0,,—,,—,
  Railroad Operation,,0,,0,,0,,0,,0,,—,,0,,—,,0,,0,,0,,0,,0,,0,,0,,0,,0,,0,,0,,0,,0,,—,,—,,—,,0,,—,,—,,—,,0,,—,,—,,—,,0,,—,,—,,—,,0,,—,,—,
Assets,,20596,1.0,20592,1.0,20829,1.0,24429,1.0,24750,1.0,25487,1.0,24907,1.0,25433,1.0,25861,1.0,26241,1.0,26559,1.0,25978,1.0,26028,1.0,26030,1.0,25931,1.0,25960,1.0,26144,1.0,26465,1.0,26414,1.0,26717,1.0,26297,1.0,26546,1.0,26633,1.0,27075,1.0,27369,1.0,27730,1.0,27633,1.0,28062,1.0,28199,1.0,27728,1.0,28478,1.0,28311,1.0,28538,1.0,29375,1.0,—,,29840,1.0,30342,1.0,30599,1.0,30605,1.0
  Railroad Operation,,20596,1.0,20592,1.0,20829,1.0,24429,1.0,24750,1.0,25487,1.0,24907,1.0,25433,1.0,25861,1.0,26241,1.0,26559,1.0,25978,1.0,26028,1.0,26030,1.0,25931,1.0,25960,1.0,26144,1.0,26465,1.0,26414,1.0,26717,1.0,26297,1.0,26546,1.0,26633,1.0,27075,1.0,27369,1.0,27730,1.0,27633,1.0,28062,1.0,28199,1.0,27728,1.0,28478,1.0,28311,1.0,28538,1.0,29375,1.0,—,,29840,1.0,30342,1.0,30599,1.0,30605,1.0
Number of Units Sold,,—,,—,,—,,—,,—,,1863100,1.0,—,,—,,1983200,1.0,—,,—,,—,,—,,—,,—,,—,,—,,—,,—,,—,,—,,—,,—,,—,,—,,—,,—,,—,,—,,—,,—,,—,,—,,—,,—,,—,,—,,—,,—,
  Intermodal,,—,,—,,—,,—,,—,,726500,0.3899414953572,—,,—,,839000,0.423053650665591,—,,—,,—,,—,,—,,—,,—,,—,,—,,—,,—,,—,,—,,—,,—,,—,,—,,—,,—,,—,,—,,—,,—,,—,,—,,—,,—,,—,,—,,—,
  Coal,,—,,—,,—,,—,,—,,420600,0.225752777628683,—,,—,,423700,0.213644614764018,—,,—,,—,,—,,—,,—,,—,,—,,—,,—,,—,,—,,—,,—,,—,,—,,—,,—,,—,,—,,—,,—,,—,,—,,—,,—,,—,,—,,—,,—,
  General Merchandise,,—,,—,,—,,—,,—,,716000,0.384305727014116,—,,—,,720500,0.363301734570391,—,,—,,—,,—,,—,,—,,—,,—,,—,,—,,—,,—,,—,,—,,—,,—,,—,,—,,—,,—,,—,,—,,—,,—,,—,,—,,—,,—,,—,,—,
    Paper/Clay/Forest,,—,,—,,—,,—,,—,,113400,0.0608662981053084,—,,—,,114400,0.0576845502218637,—,,—,,—,,—,,—,,—,,—,,—,,—,,—,,—,,—,,—,,—,,—,,—,,—,,—,,—,,—,,—,,—,,—,,—,,—,,—,,—,,—,,—,,—,
    Automotive,,—,,—,,—,,—,,—,,159200,0.085448982877999,—,,—,,153600,0.0774505849132715,—,,—,,—,,—,,—,,—,,—,,—,,—,,—,,—,,—,,—,,—,,—,,—,,—,,—,,—,,—,,—,,—,,—,,—,,—,,—,,—,,—,,—,,—,
    Metals/Construction,,—,,—,,—,,—,,—,,185800,0.0997262626804788,—,,—,,199200,0.100443727309399,—,,—,,—,,—,,—,,—,,—,,—,,—,,—,,—,,—,,—,,—,,—,,—,,—,,—,,—,,—,,—,,—,,—,,—,,—,,—,,—,,—,,—,,—,
    Agriculture/Consumer/Government,,—,,—,,—,,—,,—,,145500,0.0780956470398798,—,,—,,147300,0.0742739007664381,—,,—,,—,,—,,—,,—,,—,,—,,—,,—,,—,,—,,—,,—,,—,,—,,—,,—,,—,,—,,—,,—,,—,,—,,—,,—,,—,,—,,—,,—,
    Chemicals,,—,,—,,—,,—,,—,,112100,0.0601685363104503,—,,—,,106000,0.0534489713594191,—,,—,,—,,—,,—,,—,,—,,—,,—,,—,,—,,—,,—,,—,,—,,—,,—,,—,,—,,—,,—,,—,,—,,—,,—,,—,,—,,—,,—,,—,
Sales Change - Volume %,,—,,—,,—,,—,,—,,—,,—,,—,,—,,—,,—,,—,,—,,—,,—,,—,,—,,—,,—,,—,,—,,—,,—,,—,,—,,—,,—,,—,,—,,—,,—,,—,,—,,—,,—,,—,,—,,—,,—,
  Intermodal,,—,,—,,—,,—,,—,,12,,8,,9,,8,,8,,8,,2,,3,,-2,,-5,,-6,,-4,,-4,,-3,,-5,,-5,,-18,,-20,,-19,,-9,,12,,20,,19,,13,,10,,9,,-7,,11,,5,,5,,5,,4,,9,,5,
  General Merchandise,,—,,—,,—,,—,,—,,2,,1,,-1,,0,,3,,1,,0,,-6,,-8,,-4,,-3,,0,,-3,,-5,,-19,,-19,,-29,,-32,,-19,,-2,,16,,27,,11,,3,,3,,-2,,-7,,1,,5,,4,,-1,,1,,0,,2,
  Coal,,—,,—,,—,,—,,—,,3,,3,,6,,-1,,4,,2,,-3,,-3,,-3,,-3,,-2,,-5,,2,,3,,5,,5,,-11,,-26,,-22,,-19,,-4,,19,,15,,12,,11,,2,,-7,,3,,-12,,-12,,-14,,-13,,-4,,-4,
Sales Change - Volume,,—,,—,,—,,—,,—,,73,1.0,48,1.0,55,1.0,27,1.0,83,1.0,58,1.0,-10,,-70,,-129,,-94,,-82,,-53,,-45,,-58,,-247,,-247,,-554,,-776,,-575,,-216,,170,1.0,429,1.0,276,1.0,152,1.0,151,1.0,141,1.0,37,1.0,85,1.0,-2,,-26,,-120,,-73,,7,1.0,29,1.0
  General Merchandise,,—,,—,,—,,—,,—,,19,0.26027397260274,9,0.1875,-6,-0.109090909090909,-2,-0.0740740740740741,34,0.409638554216867,13,0.224137931034483,0,,-71,1.01428571428571,-102,0.790697674418605,-53,0.563829787234043,-38,0.463414634146341,-2,0.0377358490566038,-35,0.777777777777778,-63,1.08620689655172,-253,1.02429149797571,-253,1.02429149797571,-394,0.711191335740072,-470,0.605670103092783,-274,0.476521739130435,-20,0.0925925925925926,154,0.905882352941176,261,0.608391608391608,118,0.427536231884058,34,0.223684210526316,36,0.23841059602649,85,0.602836879432624,-7,-0.189189189189189,17,0.2,68,-34.0,54,-2.07692307692308,-21,0.175,20,-0.273972602739726,-7,-1.0,30,1.03448275862069
  Intermodal,,—,,—,,—,,—,,—,,40,0.547945205479452,27,0.5625,36,0.654545454545455,35,1.2962962962963,32,0.385542168674699,34,0.586206896551724,8,-0.8,-17,0.242857142857143,-7,0.0542635658914729,-23,0.24468085106383,-31,0.378048780487805,-22,0.415094339622642,-19,0.422222222222222,-13,0.224137931034483,-26,0.105263157894737,-26,0.105263157894737,-88,0.15884476534296,-105,0.135309278350515,-107,0.186086956521739,-42,0.194444444444444,42,0.247058823529412,72,0.167832167832168,74,0.268115942028986,51,0.335526315789474,43,0.28476821192053,42,0.297872340425532,39,1.05405405405405,50,0.588235294117647,25,-12.5,26,-1.0,27,-0.225,20,-0.273972602739726,48,6.85714285714286,27,0.931034482758621
  Coal,,—,,—,,—,,—,,—,,14,0.191780821917808,12,0.25,25,0.454545454545455,-6,-0.222222222222222,17,0.204819277108434,11,0.189655172413793,-18,1.8,18,-0.257142857142857,-20,0.155038759689922,-18,0.191489361702128,-13,0.158536585365854,-29,0.547169811320755,9,-0.2,18,-0.310344827586207,32,-0.129554655870445,32,-0.129554655870445,-72,0.129963898916967,-201,0.259020618556701,-194,0.337391304347826,-154,0.712962962962963,-26,-0.152941176470588,96,0.223776223776224,84,0.304347826086957,67,0.44078947368421,72,0.47682119205298,14,0.099290780141844,5,0.135135135135135,18,0.211764705882353,-95,47.5,-106,4.07692307692308,-126,1.05,-113,1.54794520547945,-34,-4.85714285714286,-28,-0.96551724137931
Liabilities,,13611,1.0,13470,1.0,13474,1.0,16741,1.0,16760,1.0,17233,1.0,16286,1.0,16517,1.0,16572,1.0,16532,1.0,16608,1.0,16399,1.0,16413,1.0,16402,1.0,16019,1.0,16081,1.0,16417,1.0,16717,1.0,16422,1.0,16671,1.0,16690,1.0,16836,1.0,16774,1.0,17009,1.0,17016,1.0,17166,1.0,16872,1.0,17273,1.0,17530,1.0,17127,1.0,17851,1.0,18056,1.0,18627,1.0,19560,1.0,—,,20073,1.0,20582,1.0,20489,1.0,20417,1.0
  Railroad Operation,,13611,1.0,13470,1.0,13474,1.0,16741,1.0,16760,1.0,17233,1.0,16286,1.0,16517,1.0,16572,1.0,16532,1.0,16608,1.0,16399,1.0,16413,1.0,16402,1.0,16019,1.0,16081,1.0,16417,1.0,16717,1.0,16422,1.0,16671,1.0,16690,1.0,16836,1.0,16774,1.0,17009,1.0,17016,1.0,17166,1.0,16872,1.0,17273,1.0,17530,1.0,17127,1.0,17851,1.0,18056,1.0,18627,1.0,19560,1.0,—,,20073,1.0,20582,1.0,20489,1.0,20417,1.0
Depreciation and Amortization,,133,1.0,132,1.0,133,1.0,152,1.0,192,1.0,197,1.0,196,1.0,198,1.0,—,,185,1.0,187,1.0,188,1.0,190,1.0,194,1.0,196,1.0,197,1.0,199,1.0,200,1.0,202,1.0,204,1.0,209,1.0,209,1.0,209,1.0,212,1.0,215,1.0,206,1.0,205,1.0,206,1.0,209,1.0,213,1.0,215,1.0,218,1.0,223,1.0,226,1.0,230,1.0,232,1.0,234,1.0,228,1.0,228,1.0
  Railroad Operation,,133,1.0,132,1.0,133,1.0,152,1.0,192,1.0,197,1.0,196,1.0,198,1.0,—,,185,1.0,187,1.0,188,1.0,190,1.0,194,1.0,196,1.0,197,1.0,199,1.0,200,1.0,202,1.0,204,1.0,209,1.0,209,1.0,209,1.0,212,1.0,215,1.0,206,1.0,205,1.0,206,1.0,209,1.0,213,1.0,215,1.0,218,1.0,223,1.0,226,1.0,230,1.0,232,1.0,234,1.0,228,1.0,228,1.0
Depreciation,,129,1.0,129,1.0,130,1.0,150,1.0,189,1.0,193,1.0,194,1.0,195,1.0,192,1.0,183,1.0,182,1.0,186,1.0,187,1.0,192,1.0,192,1.0,194,1.0,197,1.0,198,1.0,199,1.0,201,1.0,206,1.0,207,1.0,207,1.0,210,1.0,213,1.0,204,1.0,204,1.0,204,1.0,207,1.0,211,1.0,213,1.0,217,1.0,221,1.0,224,1.0,—,,230,1.0,233,1.0,227,1.0,226,1.0
  Railroad Operation,,129,1.0,129,1.0,130,1.0,150,1.0,189,1.0,193,1.0,194,1.0,195,1.0,192,1.0,183,1.0,182,1.0,186,1.0,187,1.0,192,1.0,192,1.0,194,1.0,197,1.0,198,1.0,199,1.0,201,1.0,206,1.0,207,1.0,207,1.0,210,1.0,213,1.0,204,1.0,204,1.0,204,1.0,207,1.0,211,1.0,213,1.0,217,1.0,221,1.0,224,1.0,—,,230,1.0,233,1.0,227,1.0,226,1.0
R&D Expenses,,0,,0,,0,,0,,0,,—,,0,,0,,0,,0,,0,,0,,0,,0,,0,,0,,0,,0,,0,,0,,0,,0,,0,,0,,0,,0,,0,,0,,—,,—,,—,,—,,0,,0,,—,,0,,0,,0,,0,
  Railroad Operation,,0,,0,,0,,0,,0,,—,,0,,0,,0,,0,,0,,0,,0,,0,,0,,0,,0,,0,,0,,0,,0,,0,,0,,0,,0,,0,,0,,0,,—,,—,,—,,—,,0,,0,,—,,0,,0,,0,,0,
Capital Expenditures,,-184,,-172,,-240,,-257,,-372,,-144,,-213,,-221,,—,,-256,,-323,,-283,,-316,,-236,,-339,,-320,,-446,,-304,,-372,,-428,,-454,,-243,,-323,,-353,,-380,,-256,,-313,,-338,,-563,,-433,,-455,,-545,,-727,,-461,,-507,,-554,,-719,,-379,,-505,
  Railroad Operation,,-184,1.0,-172,1.0,-240,1.0,-257,1.0,-372,1.0,-144,1.0,-213,1.0,-221,1.0,—,,-256,1.0,-323,1.0,-283,1.0,-316,1.0,-236,1.0,-339,1.0,-320,1.0,-446,1.0,-304,1.0,-372,1.0,-428,1.0,-454,1.0,-243,1.0,-323,1.0,-353,1.0,-380,1.0,-256,1.0,-313,1.0,-338,1.0,-563,1.0,-433,1.0,-455,1.0,-545,1.0,-727,1.0,-461,1.0,-507,1.0,-554,1.0,-719,1.0,-379,1.0,-505,1.0
Airlines- Fuel Price per Gallon/Liter,,—,,—,,—,,—,,—,,—,,—,,—,,—,,—,,—,,—,,—,,—,,—,,—,,—,,—,,—,,—,,—,,—,,—,,—,,—,,—,,—,,—,,—,,—,,—,,—,,—,,—,,—,,—,,—,,—,,—,
  Railroad Operation,,—,,—,,—,,—,,10680,,11220,,12770,,15180,,17610,,16800,,20140,,20710,,17830,,16940,,19790,,21840,,—,,27880,,35840,,35880,,21900,,—,,—,,18480,,19840,,21300,,22420,,21850,,24560,,28830,,32580,,30970,,31110,,31600,,—,,31310,,—,,31910,,—,
Cargo Tonnes,,—,,—,,—,,—,,46142000,1.0,—,,—,,—,,45486000,1.0,46965000,1.0,48507000,1.0,47321000,1.0,47774000,1.0,45769000,1.0,47486000,1.0,46845000,1.0,45865000,1.0,46803000,1.0,49268000,1.0,49676000,1.0,48470000,1.0,42211000,1.0,37169000,1.0,39058000,1.0,39082000,1.0,39892000,1.0,43223000,1.0,44193000,1.0,43523000,1.0,44547000,1.0,44158000,1.0,44441000,1.0,44734000,1.0,39478000,1.0,38956000,1.0,38560000,1.0,39115000,1.0,38219000,1.0,38117000,1.0
  Coal,,—,,—,,—,,—,,46142000,1.0,—,,—,,—,,45486000,1.0,46965000,1.0,48507000,1.0,47321000,1.0,47774000,1.0,45769000,1.0,47486000,1.0,46845000,1.0,45865000,1.0,46803000,1.0,49268000,1.0,49676000,1.0,48470000,1.0,42211000,1.0,37169000,1.0,39058000,1.0,39082000,1.0,39892000,1.0,43223000,1.0,44193000,1.0,43523000,1.0,44547000,1.0,44158000,1.0,44441000,1.0,44734000,1.0,39478000,1.0,38956000,1.0,38560000,1.0,39115000,1.0,38219000,1.0,38117000,1.0
    Utility,,—,,—,,—,,—,,33805000,0.732629708291795,—,,—,,—,,35105000,0.771775931055709,36809000,0.783753859256893,37618000,0.775516935700002,36576000,0.772933792607933,37075000,0.776049734165027,36216000,0.7912779392165,35965000,0.757381122857263,35577000,0.759462055715658,34976000,0.762585849776518,35604000,0.760720466636754,36072000,0.732158804903791,35902000,0.722723246638216,36862000,0.760511656694863,33371000,0.790575916230366,30595000,0.823132180042509,29146000,0.746223564954683,27166000,0.695102604779694,27963000,0.700967612553896,29581000,0.684381000856026,31607000,0.715203765302197,31586000,0.725731222571973,31510000,0.707342806474061,29455000,0.667036550568413,30370000,0.683377961792039,30669000,0.685585907810614,26261000,0.665205937484168,23527000,0.603937775952357,25996000,0.674170124481328,25852000,0.660922919596063,23958000,0.626860985373767,24319000,0.63800928719469
    Export,,—,,—,,—,,—,,4341000,0.0940791469810585,—,,—,,—,,2999000,0.0659323747966407,3356000,0.0714574683274779,2854000,0.0588368689055188,2810000,0.0593816698717271,3389000,0.0709381672039184,3526000,0.077039043894339,3796000,0.0799393505454239,4050000,0.0864553314121038,4192000,0.0913986700098114,5773000,0.123346794008931,6201000,0.125862628886904,6262000,0.126056848377486,4833000,0.0997111615432226,4381000,0.10378811210348,2362000,0.0635475799725578,4795000,0.122766142659634,6347000,0.162402128857274,6003000,0.150481299508673,6383000,0.147676005830229,5206000,0.117801461769964,5158000,0.118512051099419,7438000,0.166969717377152,7938000,0.179763576248924,6522000,0.146756373618955,6563000,0.14671167344749,6724000,0.170322711383555,8530000,0.218964986138207,6191000,0.160554979253112,6859000,0.175354723251949,8419000,0.220283105261781,7380000,0.193614397775271
    Domestic Metallurgical,,—,,—,,—,,—,,5598000,0.121321139092367,—,,—,,—,,5072000,0.11150683726861,4779000,0.101756627275631,5557000,0.114560785041334,5627000,0.118911265611462,4915000,0.102880227738938,3630000,0.0793113242587778,5072000,0.106810428336773,4856000,0.103661009712883,4315000,0.0940804535048512,3517000,0.0751447556780548,4745000,0.0963099780790777,5241000,0.105503663741042,4652000,0.0959768929234578,2610000,0.0618322238279122,2363000,0.063574484113105,3232000,0.0827487326540017,3643000,0.0932142674376951,4109000,0.10300310839266,5229000,0.120977257478657,5501000,0.124476727083475,4932000,0.113319394343221,3774000,0.084719509731295,4859000,0.110036686444132,5575000,0.125447222159717,5494000,0.122814861179416,4572000,0.115811337960383,5019000,0.128837663004415,4649000,0.120565352697095,4553000,0.116400357918957,4042000,0.105758915722546,4608000,0.120890941049925
    Industrial,,—,,—,,—,,—,,2398000,0.0519700056347796,—,,—,,—,,2310000,0.0507848568790397,2021000,0.0430320451399979,2478000,0.0510854103531449,2308000,0.0487732719088777,2395000,0.050131870892117,2397000,0.052371692630383,2653000,0.05586909826054,2362000,0.0504216031593553,2382000,0.0519350267088194,1909000,0.0407879836762601,2250000,0.0456685881302265,2271000,0.0457162412432563,2123000,0.0438002888384568,1849000,0.0438037478382412,1849000,0.0497457558718287,1885000,0.0482615597316811,1926000,0.0492809989253365,1817000,0.0455479795447709,2030000,0.0469657358350878,1879000,0.0425180458443645,1847000,0.042437331985387,1825000,0.0409679664174916,1906000,0.0431631867385298,1974000,0.0444184424292883,2008000,0.0448875575624804,1921000,0.0486600131718932,1880000,0.0482595749050211,1724000,0.0447095435684647,1851000,0.0473219992330308,1800000,0.0470969936419059,1810000,0.0474853739801139
Avg Number of Employees,,—,,—,,—,,—,,—,,—,,—,,—,,—,,—,,—,,—,,—,,—,,—,,—,,—,,—,,—,,—,,—,,—,,—,,—,,—,,—,,—,,—,,—,,—,,—,,—,,—,,—,,—,,—,,—,,—,,—,
  Railroad Operation,,—,,—,,—,,—,,28546,,29271,,29968,,—,,30082,,29986,,29984,,30097,,30251,,30484,,30438,,30219,,30204,,30240,,30170,,30214,,30709,,29597,,27987,,27514,,27595,,27646,,27875,,28238,,28882,,29446,,29825,,30144,,30320,,30630,,—,,30493,,30543,,30095,,29870,
Carloads/Unit Volumes,,—,,—,,—,,—,,—,,—,,—,,—,,—,,—,,—,,—,,—,,—,,—,,—,,1870.1,1.0,—,,—,,—,,—,,—,,1412.3,1.0,—,,—,,—,,1732.6,1.0,—,,—,,—,,—,,—,,—,,1730.8,1.0,1799.3,1.0,—,,1792.1,1.0,1783.6,1.0,1838.2,1.0
  Intermodal,,—,,—,,—,,—,,—,,—,,—,,—,,—,,—,,—,,—,,—,,—,,—,,—,,775.7,0.414790652906262,—,,—,,—,,—,,—,,612.8,0.433902145436522,—,,—,,—,,733.3,0.423236754011312,—,,—,,—,,—,,—,,—,,785,0.453547492489022,840.4,0.467070527427333,—,,865.8,0.483120361586965,856.4,0.480152500560664,881,0.479273202045479
  General Merchandise,,—,,—,,—,,—,,—,,—,,—,,—,,—,,—,,—,,—,,—,,—,,—,,—,,677.1,0.362066199668467,—,,—,,—,,—,,—,,467.6,0.33109112794732,—,,—,,—,,604.9,0.34912847743276,—,,—,,—,,—,,—,,—,,586.8,0.339033972729374,604.1,0.335741677318957,—,,574.2,0.320406227331064,584,0.32742767436645,615.8,0.335001632031335
    Metals/Construction,,—,,—,,—,,—,,—,,—,,—,,—,,—,,—,,—,,—,,—,,—,,—,,—,,187.9,0.100475910379124,—,,—,,—,,—,,—,,117.2,0.0829852014444523,—,,—,,—,,175.4,0.101235137942976,—,,—,,—,,—,,—,,—,,165.5,0.0956205223018257,180.2,0.100150058356027,—,,158.4,0.0883879247809832,154.8,0.086790760260148,171.1,0.0930801871395931
    Agriculture/Consumer/Government,,—,,—,,—,,—,,—,,—,,—,,—,,—,,—,,—,,—,,—,,—,,—,,—,,154.5,0.0826159028928934,—,,—,,—,,—,,—,,135,0.0955887559300432,—,,—,,—,,152.9,0.088248874523837,—,,—,,—,,—,,—,,—,,152.3,0.0879939912179339,150.1,0.0834213305174234,—,,150.9,0.0842028904637018,147.9,0.0829221798609554,147.9,0.0804591448155805
    Chemicals,,—,,—,,—,,—,,—,,—,,—,,—,,—,,—,,—,,—,,—,,—,,—,,—,,103.3,0.0552376878241805,—,,—,,—,,—,,—,,80.5,0.0569992211286554,—,,—,,—,,106,0.0611797298857209,—,,—,,—,,—,,—,,—,,96,0.0554656806101225,98.5,0.054743511365531,—,,95.3,0.0531778360582557,106,0.0594303655528145,114,0.062017190730062
    Automotive,,—,,—,,—,,—,,—,,—,,—,,—,,—,,—,,—,,—,,—,,—,,—,,—,,130.1,0.0695684722742099,—,,—,,—,,—,,—,,60.9,0.0431211498973306,—,,—,,—,,85.3,0.0492323675401131,—,,—,,—,,—,,—,,—,,96.3,0.0556390108620291,98.4,0.054687934196632,—,,94.1,0.0525082305674907,98.7,0.0553375196232339,106.4,0.0578827113480579
    Paper/Clay/Forest,,—,,—,,—,,—,,—,,—,,—,,—,,—,,—,,—,,—,,—,,—,,—,,—,,101.3,0.0541682262980589,—,,—,,—,,—,,—,,74,0.0523967995468385,—,,—,,—,,85.3,0.0492323675401131,—,,—,,—,,—,,—,,—,,76.7,0.0443147677374625,76.9,0.0427388428833435,—,,75.5,0.0421293454606328,76.6,0.042946849069298,76.4,0.0415623979980416
  Coal,,—,,—,,—,,—,,—,,—,,—,,—,,—,,—,,—,,—,,—,,—,,—,,—,,417.3,0.223143147425271,—,,—,,—,,—,,—,,331.9,0.235006726616158,—,,—,,—,,394.4,0.227634768555928,—,,—,,—,,—,,—,,—,,359,0.207418534781604,354.8,0.19718779525371,—,,352.1,0.196473411081971,343.2,0.192419825072886,341.4,0.185725165923186
Revenue Ton-Miles / Kms,,—,,—,,—,,—,,50600,1.0,49800,1.0,51500,1.0,51200,1.0,50300,1.0,51000,1.0,52100,1.0,51500,1.0,49200,1.0,48300,1.0,50300,1.0,49400,1.0,48000,1.0,48600,1.0,51100,1.0,50600,1.0,45300,1.0,39700,1.0,37500,1.0,40600,1.0,40900,1.0,43300,1.0,46700,1.0,46400,1.0,45600,1.0,47200,1.0,49600,1.0,48200,1.0,47800,1.0,45500,1.0,47200,1.0,46100,1.0,46800,1.0,47700,1.0,48600,1.0
  General Merchandise,,—,,—,,—,,—,,27200,0.537549407114625,27700,0.556224899598394,28700,0.557281553398058,27400,0.53515625,27400,0.544731610337972,28600,0.56078431372549,29000,0.556621880998081,28400,0.551456310679612,26800,0.544715447154472,26900,0.556935817805383,28100,0.558648111332008,27800,0.562753036437247,26900,0.560416666666667,26700,0.549382716049383,27900,0.545988258317025,27300,0.539525691699605,23000,0.507726269315673,20200,0.508816120906801,19700,0.525333333333333,22000,0.541871921182266,21800,0.533007334963325,23400,0.540415704387991,25100,0.537473233404711,24800,0.53448275862069,24400,0.535087719298246,24900,0.527542372881356,26100,0.526209677419355,25400,0.526970954356846,24900,0.52092050209205,25200,0.553846153846154,25800,0.546610169491525,24700,0.535791757049892,25100,0.536324786324786,26400,0.553459119496855,27200,0.559670781893004
  Coal,,—,,—,,—,,—,,14600,0.288537549407115,14300,0.28714859437751,15000,0.29126213592233,15600,0.3046875,14400,0.286282306163022,14700,0.288235294117647,15200,0.291746641074856,15200,0.295145631067961,14800,0.300813008130081,14300,0.296066252587992,15200,0.302186878727634,14600,0.295546558704453,14100,0.29375,15100,0.310699588477366,16100,0.315068493150685,15900,0.314229249011858,15300,0.337748344370861,13500,0.340050377833753,11400,0.304,12000,0.295566502463054,12100,0.295843520782396,12400,0.286374133949192,13400,0.286937901498929,13500,0.290948275862069,13000,0.285087719298246,14200,0.300847457627119,14700,0.296370967741935,14200,0.294605809128631,13900,0.290794979079498,11800,0.259340659340659,12200,0.258474576271186,12000,0.260303687635575,12200,0.260683760683761,12000,0.251572327044025,11900,0.244855967078189
  Intermodal,,—,,—,,—,,—,,8800,0.173913043478261,7800,0.156626506024096,7800,0.151456310679612,8200,0.16015625,8500,0.168986083499006,7700,0.150980392156863,7900,0.151631477927063,7900,0.153398058252427,7600,0.154471544715447,7100,0.146997929606625,7000,0.139165009940358,7000,0.1417004048583,7000,0.145833333333333,6800,0.139917695473251,7100,0.13894324853229,7400,0.146245059288538,7000,0.154525386313466,6000,0.151133501259446,6400,0.170666666666667,6600,0.16256157635468,7000,0.171149144254279,7500,0.173210161662818,8200,0.17558886509636,8100,0.174568965517241,8200,0.179824561403509,8100,0.171610169491525,8800,0.17741935483871,8600,0.178423236514523,9000,0.188284518828452,8500,0.186813186813187,9200,0.194915254237288,9400,0.203904555314534,9500,0.202991452991453,9300,0.19496855345912,9500,0.195473251028807
Source: Bloomberg,,,,,,,,,,,,,,,,,,,,,,,,,,,,,,,,,,,,,,,,,,,,,,,,,,,,,,,,,,,,,,,,,,,,,,,,,,,,,,,
