Unnamed: 0,Unnamed: 1,Unnamed: 2,Unnamed: 3,Unnamed: 4,Unnamed: 5,Unnamed: 6,Unnamed: 7,Unnamed: 8,Unnamed: 9,Unnamed: 10,Unnamed: 11,Unnamed: 12,Unnamed: 13,Unnamed: 14,Unnamed: 15,Unnamed: 16,Unnamed: 17,Unnamed: 18,Unnamed: 19,Unnamed: 20,Unnamed: 21,Unnamed: 22,Unnamed: 23,Unnamed: 24,Unnamed: 25,Unnamed: 26,Unnamed: 27,Unnamed: 28,Unnamed: 29,Unnamed: 30,Unnamed: 31,Unnamed: 32,Unnamed: 33,Unnamed: 34,Unnamed: 35,Unnamed: 36,Unnamed: 37,Unnamed: 38,Unnamed: 39,Unnamed: 40,Unnamed: 41,Unnamed: 42,Unnamed: 43,Unnamed: 44,Unnamed: 45,Unnamed: 46,Unnamed: 47,Unnamed: 48,Unnamed: 49,Unnamed: 50,Unnamed: 51,Unnamed: 52,Unnamed: 53,Unnamed: 54,Unnamed: 55,Unnamed: 56,Unnamed: 57,Unnamed: 58,Unnamed: 59,Unnamed: 60,Unnamed: 61,Unnamed: 62,Unnamed: 63,Unnamed: 64,Unnamed: 65,Unnamed: 66,Unnamed: 67,Unnamed: 68,Unnamed: 69,Unnamed: 70,Unnamed: 71,Unnamed: 72,Unnamed: 73,Unnamed: 74,Unnamed: 75,Unnamed: 76,Unnamed: 77,Unnamed: 78,Unnamed: 79,Unnamed: 80,Unnamed: 81
Exxon Mobil Corp (XOM US) - By Measure,,,,,,,,,,,,,,,,,,,,,,,,,,,,,,,,,,,,,,,,,,,,,,,,,,,,,,,,,,,,,,,,,,,,,,,,,,,,,,,,,
,,,,,,,,,,,,,,,,,,,,,,,,,,,,,,,,,,,,,,,,,,,,,,,,,,,,,,,,,,,,,,,,,,,,,,,,,,,,,,,,,
In Millions of USD except Per Share,,Q3 2004,,Q4 2004,,Q1 2005,,Q2 2005,,Q3 2005,,Q4 2005,,Q1 2006,,Q2 2006,,Q3 2006,,Q4 2006,,Q1 2007,,Q2 2007,,Q3 2007,,Q4 2007,,Q1 2008,,Q2 2008,,Q3 2008,,Q4 2008,,Q1 2009,,Q2 2009,,Q3 2009,,Q4 2009,,Q1 2010,,Q2 2010,,Q3 2010,,Q4 2010,,Q1 2011,,Q2 2011,,Q3 2011,,Q4 2011,,Q1 2012,,Q2 2012,,Q3 2012,,Q4 2012,,Q1 2013,,Q2 2013,,Q3 2013,,Q4 2013,,Q1 2014,,Q2 2014,
3 Months Ending,,09/30/2004,,12/31/2004,,03/31/2005,,06/30/2005,,09/30/2005,,12/31/2005,,03/31/2006,,06/30/2006,,09/30/2006,,12/31/2006,,03/31/2007,,06/30/2007,,09/30/2007,,12/31/2007,,03/31/2008,,06/30/2008,,09/30/2008,,12/31/2008,,03/31/2009,,06/30/2009,,09/30/2009,,12/31/2009,,03/31/2010,,06/30/2010,,09/30/2010,,12/31/2010,,03/31/2011,,06/30/2011,,09/30/2011,,12/31/2011,,03/31/2012,,06/30/2012,,09/30/2012,,12/31/2012,,03/31/2013,,06/30/2013,,09/30/2013,,12/31/2013,,03/31/2014,,06/30/2014,
Revenue,,74854,1.0,155972,1.0,79475,1.0,86622,1.0,96731,1.0,96127,1.0,86317,1.0,96024,1.0,96268,1.0,86858,1.0,84174,1.0,95059,1.0,99130,1.0,111965,1.0,113223,1.0,133776,1.0,132085,1.0,80495,1.0,62128,1.0,72167,1.0,80090,1.0,87115,1.0,87037,1.0,89693,1.0,92353,1.0,101042,1.0,109251,1.0,121394,1.0,120475,1.0,115909,1.0,119189,1.0,112745,1.0,110989,1.0,109161,1.0,103828,1.0,103050,1.0,108390,1.0,106018,1.0,101312,1.0,105719,1.0
  Downstream,,62121,0.829950967948804,128817,0.82594060167731,64802,0.815416944545809,71884,0.829877626414223,80992,0.837438219906115,80002,0.832357072257192,68832,0.797469674324841,77933,0.811632993126432,79670,0.827637073819368,72022,0.829412103414522,68901,0.818603048628355,79117,0.832319895640465,83476,0.84217960229623,93322,0.833574503814067,92975,0.821196088995663,111733,0.835249529049427,111206,0.841946669493194,66146,0.821811947122552,51178,0.823777484467051,60091,0.832758214498538,66680,0.832636140004745,71922,0.825636257189104,70670,0.811981524461705,73583,0.820433056819196,74637,0.808197076340011,80751,0.799269531134008,86728,0.793870769906725,97998,0.807318740886586,98920,0.821110474720057,94977,0.819459543407361,97927,0.821638629022108,93270,0.827316432791073,92384,0.832408275066676,90466,0.828799941366705,84405,0.812993642843383,83445,0.809807556068825,89211,0.823078413462869,85645,0.807857378672829,81700,0.806443652587628,85607,0.809844098838309
    Non-U.S.,,43837,0.585672487274379,90929,0.583012746531251,45489,0.572397478325427,49455,0.570942045716925,54966,0.568335504683913,55816,0.580721011288561,47704,0.552686153881802,52277,0.544438658612789,54602,0.567222787808273,50437,0.580837220014971,47641,0.566015991635875,53472,0.562531560343377,57233,0.577417044159041,64799,0.578800221519553,64517,0.569842517598636,75667,0.565641539335586,78168,0.591814176042156,47007,0.584024947818308,35985,0.579226088916074,41238,0.571487964079325,46112,0.575802604797523,50069,0.574772416801552,48857,0.561355332398833,49883,0.556183658906431,51850,0.561451001624256,55452,0.548861240609318,59191,0.541808928391626,65960,0.543386029805498,67591,0.561056187796233,65037,0.561137857845421,67018,0.562302303142174,62809,0.557123596302933,60763,0.547493332372234,58369,0.534744807746924,53407,0.514419187054517,53480,0.519006628300806,57179,0.527544816260253,54838,0.517266424562562,51288,0.50625314631474,53176,0.503046127067015
    United States,,18284,0.244278480674425,37888,0.242927855146059,19313,0.243019466220382,22429,0.258935580697299,26026,0.269102715222202,24186,0.251636060968631,21128,0.244783520443039,25656,0.267194334513643,25068,0.260414286011095,21585,0.248574883399551,21260,0.252587056992479,25645,0.269788335297088,26243,0.264762558137189,28523,0.254774282294514,28458,0.251353571397027,36066,0.269607989713841,33038,0.250132493451038,19139,0.237786999304244,15193,0.244551395550977,18853,0.261270250419213,20568,0.256833535207223,21853,0.250863840387551,21813,0.250626192062872,23700,0.264249397912764,22787,0.246746074715755,25299,0.25040829052469,27537,0.252061841515099,32038,0.263932711081088,31329,0.260054286923824,29940,0.25832168556194,30909,0.259336325879935,30461,0.270192836488141,31621,0.284914942694442,32097,0.294055133619781,30998,0.298574455788865,29965,0.290800927768019,32032,0.295533597202617,30807,0.290590954110267,30412,0.300190506272888,32431,0.306797971771295
  Upstream,,5363,0.0716509238600382,11735,0.0752417224487702,6508,0.0818915075939651,7216,0.0833063957515585,8055,0.083286804392332,8275,0.086094782292046,9316,0.107932756363468,9662,0.100624869818788,7573,0.0786707111840602,6324,0.0728277768181033,6855,0.0814432867207642,6739,0.0708950513381586,6447,0.0650430290862499,8615,0.0769512478339318,10163,0.0897640855333469,10999,0.0822219896540382,10014,0.0758165382111113,7937,0.0986109730643077,5997,0.0965296333258217,5854,0.0811264014190884,5820,0.0726746001023938,7090,0.0813904099367474,7574,0.0870234620952731,7031,0.0783939880474534,9201,0.099631835408771,11135,0.110213696786135,12164,0.111344018600053,12334,0.101608903754109,10787,0.0895402212980717,11157,0.0962623595796449,10863,0.0911440198011495,9666,0.0857386151962958,9473,0.0853546457146976,9285,0.0850640843586525,9482,0.0913311500674244,10170,0.0986966606174122,9245,0.0852962071097087,10614,0.10011790784323,9701,0.0957565468023572,10299,0.0974287660347372
    Non-U.S.,,3921,0.052385469411749,8626,0.0553076350952784,4972,0.0625637024826666,5509,0.0635996305703071,6585,0.0680873503319065,6258,0.0651095042397128,7539,0.0873448959021237,8262,0.0860445740470735,6059,0.062942801936382,4961,0.0571313410491161,5493,0.0652615571053476,5303,0.0557881669752567,5136,0.0518165033949091,7063,0.0630884113117888,8399,0.074183661752886,8989,0.0671964237658105,8230,0.0623097772595812,6728,0.0835901003876354,5176,0.0833145542928886,5101,0.0706911126817168,4987,0.06227289187468,6091,0.0699222830641366,6308,0.0724774226164487,5950,0.0663410935688163,5923,0.0641364374661613,7865,0.0778473933743109,8878,0.0812653894386116,8705,0.0717127863774539,7101,0.0589436461887093,7735,0.0667374160929061,7896,0.0662499475605152,7059,0.0626142028419876,6755,0.0608646291357313,6354,0.058211867745275,6402,0.0616644191870545,6942,0.067369932940617,5829,0.053779512303136,6418,0.0605386030278734,5827,0.0575171011459989,6413,0.0606671207477201
    United States,,1442,0.0192654544482892,3109,0.0199340873534918,1536,0.0193278051112985,1707,0.0197067651812514,1470,0.0151994540604256,2017,0.0209852780523331,1777,0.0205878604613442,1400,0.0145802957717142,1514,0.0157279092476782,1363,0.0156964357689872,1362,0.0161817296154166,1436,0.0151068843629019,1311,0.0132265256913407,1552,0.013862836522143,1764,0.0155804237804609,2010,0.0150255658882277,1784,0.0135067609515301,1209,0.0150208726766723,821,0.0132150790329331,753,0.0104352887373716,833,0.0104017082277137,999,0.0114681268726108,1266,0.0145460394788244,1081,0.0120528944786371,3278,0.0354953979426096,3270,0.0323663034118241,3286,0.0300786291614415,3629,0.0298961173766548,3686,0.0305965751093624,3422,0.0295249434867388,2967,0.0248940722406343,2607,0.0231244123543082,2718,0.0244900165789663,2931,0.0268522166133776,3080,0.0296667308803699,3228,0.0313267276767951,3416,0.0315166948065727,4196,0.0395793048153563,3874,0.0382394456563583,3886,0.0367616452870171
  Chemical Prime Product,,7365,0.0983981081911582,15412,0.0988176758739196,8161,0.102691547860226,7520,0.0868159778342184,7667,0.079274975701553,7838,0.0815481454507621,8165,0.0945975693116912,8425,0.0877421370547802,9019,0.0936922149965719,8489,0.0977601197673749,8413,0.099953664650881,9200,0.0967850530213769,9196,0.0927773686175204,10017,0.0894742483520017,10081,0.0890398254709898,11040,0.0825284812965344,10862,0.0822367922956951,6405,0.0795770798131398,4951,0.0796928822071274,6214,0.0861153840823737,7583,0.0946892598928612,8099,0.0929733328741491,8790,0.100995013443022,9074,0.101172955133351,8512,0.0921710882512182,9145,0.0905167720798567,10355,0.0947852114932218,11055,0.0910723553593053,10764,0.0893493039818712,9768,0.0842780970129937,10395,0.087217351176742,9802,0.0869449520126311,9127,0.0822370792186261,9402,0.086135974274642,9933,0.0956752070891928,9428,0.0914957833137622,9931,0.0916253794274221,9756,0.092024713483941,9908,0.0977998006100149,9802,0.0927271351269535
    Non-U.S.,,4557,0.0608825769215354,9508,0.0609627862840143,5006,0.0629915315020574,4582,0.0528977141537751,4814,0.0497756271067271,4942,0.0514175726993705,4940,0.0572335569381206,5165,0.0537908769006457,5454,0.0566578712264445,5266,0.0606437496401221,5224,0.0620656061020091,5740,0.0603854569937721,5743,0.0579404554121813,6329,0.0565321471318577,6429,0.0567837553767477,6870,0.0513560386328978,6851,0.0518692933177874,4102,0.0509641188748633,3103,0.0499468821427422,3897,0.0540057373300628,4726,0.0590137732102943,5159,0.0592232898256248,5393,0.0619642898177724,5649,0.062985014717688,5160,0.0558743909041689,5917,0.0585661826568083,6708,0.0614021437659615,6926,0.0570571807524694,6711,0.0557063525661778,6131,0.0528981380821729,6468,0.0542685740655284,6055,0.0537085986978659,5634,0.0507640741007713,5846,0.0535578499903805,6050,0.0582739356578694,5705,0.0553652358724028,6058,0.0558923118086117,5940,0.0560298071027685,6032,0.059540613370974,6052,0.0572520528247626
    United States,,2808,0.0375155312696228,5904,0.0378548895899054,3155,0.0397000163581684,2938,0.0339182636804433,2853,0.029499348594826,2896,0.0301305727513916,3225,0.0373640123735706,3260,0.0339512601541346,3565,0.0370343437701274,3223,0.0371163701272528,3189,0.0378880585488719,3460,0.0363995960276048,3453,0.034836913205339,3688,0.032942101220144,3652,0.0322560700942421,4170,0.0311724426636366,4011,0.0303674989779077,2303,0.0286129609382765,1848,0.0297460000643853,2317,0.0321096467523109,2857,0.0356754866825668,2940,0.0337500430485243,3397,0.0390307236252499,3425,0.0381879404156632,3352,0.0362966973470493,3228,0.0319505894230484,3647,0.0333830677272602,4129,0.034015174606836,4053,0.0336429514156934,3637,0.0313799589308209,3927,0.0329487771112137,3747,0.0332363533147652,3493,0.0314730051178548,3556,0.0325781242842615,3883,0.0374012714313234,3723,0.0361305474413594,3873,0.0357330676188104,3816,0.0359949063811725,3876,0.038259187239041,3750,0.0354750823021909
  Corporate & Financing,,5,,8,,4,,2,,17,,12,,4,,4,,6,,23,,5,,3,,11,,11,,4,,4,,3,,7,,2,,8,,7,,4,,3,,5,,3,,11,,4,,7,,4,,7,,4,,7,,5,,8,,8,,7,,3,,3,,3,,11,
Intersegment Revenue,,20527,1.0,17461,1.0,21720,1.0,23726,1.0,29184,1.0,26267,1.0,27966,1.0,32058,1.0,33843,1.0,27630,1.0,29179,1.0,34369,1.0,35655,1.0,39130,1.0,42773,1.0,52897,1.0,49691,1.0,68271,1.0,18904,1.0,24511,1.0,29042,1.0,31017,1.0,32450,1.0,31961,1.0,31301,1.0,36094,1.0,41025,1.0,46467,1.0,42949,1.0,44365,1.0,43232,1.0,39673,1.0,39439,1.0,39437,1.0,37705,1.0,34995,1.0,39064,1.0,36255,1.0,35563,1.0,34069,1.0
  Downstream,,10440,0.510413611029627,6760,0.388617418798505,10807,0.499214708056171,12202,0.51585355542403,14799,0.508504277909494,12264,0.468055873597435,13765,0.493404545128683,15643,0.488935425392261,16574,0.490674403457872,13296,0.482876339204649,13723,0.471580756013746,16446,0.479768954753639,17044,0.478965856400169,19132,0.489735319715354,20404,0.47777829813141,26647,0.504429636921213,23998,0.483606392197167,57950,0.849656911618087,8548,0.453884139542293,12093,0.494823847129588,13853,0.478151318514428,14864,0.480320558392038,16341,0.504663372452131,15904,0.498667419182893,15837,0.507222240015373,18161,0.504080159875652,21031,0.513439613290691,24747,0.533283051395324,22280,0.519553202900916,23980,0.541370357828197,22679,0.52543904360317,20019,0.505453719133465,20731,0.526648714561528,19664,0.499200324947323,18687,0.496492906105532,16733,0.479126102393769,19155,0.491179034822299,18830,0.520539614087466,17751,0.500084516565247,16704,0.491323019001118
    Non-U.S.,,8310,0.406277500733353,4481,0.257602759413625,8727,0.403131929046563,9784,0.413629830049886,12067,0.414630794076212,9677,0.369322952446378,10983,0.393684135063445,12349,0.385978620991436,12955,0.383533660962757,10388,0.377265298710732,10941,0.375979381443299,12885,0.375886111030077,13225,0.371645356189406,15352,0.392975989351354,16543,0.38736945628249,21406,0.405217127929429,19132,0.385547024565222,46591,0.683112427423612,6879,0.365263102001805,9525,0.389745897949998,10923,0.377019190942979,11863,0.383345181929813,12957,0.400154416306362,12254,0.384222243125451,12624,0.40431733017327,14862,0.412512490285334,16501,0.402846610190181,19632,0.423057860144381,17854,0.416342140242054,19562,0.441629980810475,17169,0.397780455029887,14737,0.372090087360501,15309,0.388908647495173,14915,0.378639790815161,13517,0.359131728572188,11647,0.333495590424923,14099,0.361531360582594,13361,0.369353679438271,12842,0.361787243633085,12557,0.369345255603271
    United States,,2130,0.104136110296275,2279,0.131014659384881,2080,0.0960827790096083,2418,0.102223725374144,2732,0.0938734838332818,2587,0.0987329211510572,2782,0.0997204100652377,3294,0.102956804400825,3619,0.107140742495115,2908,0.105611040493917,2782,0.0956013745704467,3561,0.103882843723563,3819,0.107320500210763,3780,0.0967593303639994,3861,0.0904088418489205,5241,0.0992125089917844,4866,0.0980593676319449,11359,0.166544484194475,1669,0.0886210375404874,2568,0.10507794917959,2930,0.101132127571448,3001,0.0969753764622245,3384,0.104508956145769,3650,0.114445176057442,3213,0.102904909842104,3299,0.0915676695903186,4530,0.11059300310051,5115,0.110225191250943,4426,0.103211062658862,4418,0.0997403770177221,5510,0.127658588573282,5282,0.133363631772964,5422,0.137740067066355,4749,0.120560534132162,5170,0.137361177533344,5086,0.145630511968847,5056,0.129647674239705,5469,0.151185934649196,4909,0.138297272932161,4147,0.121977763397847
  Upstream,,7520,0.367654248557739,8139,0.467893072722046,8147,0.376339615668884,8377,0.354147290098926,10704,0.36779713431605,11373,0.43405083581406,10728,0.384543694888522,12435,0.388666624992186,13263,0.392652022026171,10655,0.386962048302161,12158,0.417800687285223,13450,0.392368505498993,14049,0.394801180272587,15437,0.395151794399222,17442,0.40842036247834,20332,0.3848862302654,19764,0.398283054228886,7148,0.104803237346783,7780,0.413104656719588,8865,0.362739882973935,11198,0.386511114179208,11857,0.383151295805597,11694,0.361148857319333,11258,0.352992819741009,10986,0.351856003587099,13228,0.367158876429444,14664,0.357999072288274,15471,0.333390798405344,14759,0.344169018025791,14823,0.334642736200474,14662,0.339696955655438,14007,0.353658536585366,13040,0.331267147647597,14562,0.369678352923257,13662,0.362984218077475,13239,0.379080288626732,14520,0.372326785989025,12683,0.350610936031404,12844,0.361843588009917,12284,0.361315371492441
    Non-U.S.,,5843,0.285665395521658,6400,0.367921816613969,6340,0.292867701404287,6710,0.283672951720639,8782,0.301755832732021,9539,0.36405617891764,8874,0.318087318087318,10350,0.323498155904232,11588,0.34306353247676,9151,0.332340657345197,10595,0.364089347079038,11670,0.340441669827008,12181,0.342307151889841,13052,0.334101264526698,14881,0.348452208120639,17260,0.326733048120244,17160,0.345807387703283,5768,0.084569819951909,6576,0.34917432166941,7250,0.2966569826916,9446,0.326038934143311,9710,0.31377237769017,9552,0.294996911673873,9314,0.292039005424388,9270,0.296896518592064,10930,0.303375152659043,12305,0.300407704890017,12873,0.277405451998707,12527,0.292120420679523,12205,0.27553899988712,12170,0.281960984199064,11896,0.300358531535626,11105,0.282110557870135,12336,0.313167982534081,11387,0.302539986184176,11205,0.320839537280953,12505,0.320657469613826,10664,0.294797368275557,10781,0.303724363308542,10080,0.296488028707571
    United States,,1677,0.081988853036081,1739,0.099971256108077,1807,0.0834719142645972,1667,0.070474338378287,1922,0.0660413015840291,1834,0.0699946568964201,1854,0.0664563768012044,2085,0.065168469087954,1675,0.0495884895494109,1504,0.0546213909569639,1563,0.0537113402061856,1780,0.0519268356719858,1868,0.0524940283827455,2385,0.0610505298725234,2561,0.0599681543577015,3072,0.0581531821451558,2604,0.052475666525603,1380,0.0202334173948742,1204,0.0639303350501779,1615,0.0660829002823356,1752,0.0604721800358967,2147,0.0693789181154269,2142,0.0661519456454602,1944,0.0609538143166212,1716,0.0549594849950357,2298,0.0637837237704008,2359,0.0575913673982569,2598,0.0559853464066372,2232,0.0520485973462678,2618,0.0591037363133537,2492,0.0577359714563737,2111,0.0533000050497399,1935,0.0491565897774616,2226,0.0565103703891752,2275,0.0604442318932993,2034,0.0582407513457794,2015,0.0516693163751987,2019,0.0558135677558467,2063,0.0581192247013748,2204,0.0648273427848697
  Chemical Prime Product,,2494,0.121932140412633,2496,0.143489508479448,2694,0.124445676274945,3075,0.129999154477044,3600,0.123698587774456,2565,0.0978932905885047,3405,0.122051759982794,3916,0.122397949615553,3941,0.116673574515957,3584,0.13016161249319,3219,0.110618556701031,4383,0.127862539747367,4492,0.126232963327245,4497,0.115112885885425,4860,0.11380133939025,5847,0.110684132813387,5861,0.118110553573948,3106,0.0455398510351299,2505,0.133011203738119,3481,0.142436269896477,3921,0.135337567306365,4225,0.136528145802365,4345,0.134187770228536,4731,0.148339761076098,4400,0.140921756397527,4639,0.128760963694904,5266,0.128561314421035,6187,0.133326150199332,5844,0.136277779073292,5492,0.123986905971329,5821,0.134864000741393,5580,0.14088774428117,5593,0.142084137790875,5165,0.13112132212942,5289,0.140522875816993,4952,0.141793608979498,5323,0.136494179188676,4661,0.12884944988113,4901,0.138071895424837,5010,0.147361609506442
    United States,,1368,0.0668817835142271,1333,0.0766312158666283,1405,0.0649020694752402,1672,0.070685719117274,1920,0.0659725801463767,1524,0.0581634989695443,1823,0.0653451860348412,2100,0.0656373069950616,2067,0.0611936763573924,1859,0.0675140729980025,1697,0.0583161512027491,2217,0.0646751655532542,2462,0.0691864549669805,2334,0.0597450468438028,2428,0.0568538378682152,3177,0.0601408397380078,2902,0.0584809463353687,1418,0.0207905694680664,1221,0.0648330058939096,1834,0.0750439870698474,1980,0.0683418473008422,2150,0.0694758611775351,2308,0.071278567016677,2614,0.0819615589627818,2380,0.0762258591422989,2392,0.0663928055956478,2816,0.0687483215741803,3502,0.0754660058183385,2884,0.0672527575029732,3024,0.068269556383339,3128,0.0724711551827997,3000,0.0757460990758976,3301,0.0838583477288893,2980,0.0756517986342058,3227,0.0857378181624953,2959,0.0847268354140419,2971,0.0761833940202062,2836,0.0783988500027644,2634,0.0742055442866802,2553,0.0750926525089711
    Non-U.S.,,1126,0.0550503568984062,1163,0.0668582926128198,1289,0.0595436067997044,1403,0.05931343535977,1680,0.0577260076280796,1041,0.0397297916189604,1582,0.0567065739479533,1816,0.0567606426204913,1874,0.0554798981585647,1725,0.0626475394951879,1522,0.0523024054982818,2166,0.063187374194113,2030,0.0570465083602642,2163,0.0553678390416219,2432,0.0569475015220344,2670,0.0505432930753795,2959,0.0596296072385789,1688,0.0247492815670635,1284,0.0681781978442096,1647,0.0673922828266296,1941,0.0669957200055226,2075,0.0670522846248303,2037,0.0629092032118592,2117,0.0663782021133164,2020,0.0646958972552285,2247,0.0623681580992561,2450,0.0598129928468543,2685,0.0578601443809934,2960,0.0690250215703192,2468,0.0557173495879896,2693,0.0623928455585932,2580,0.0651416452052719,2292,0.0582257900619856,2185,0.0554695234952146,2062,0.0547850576544981,1993,0.0570667735654564,2352,0.0603107851684702,1825,0.0504505998783657,2267,0.0638663511381564,2457,0.0722689569974704
  Corporate & Financing,,73,,66,,72,,72,,81,,65,,68,,64,,65,,95,,79,,90,,70,,64,,67,,71,,68,,67,,71,,72,,70,,71,,70,,68,,78,,66,,64,,62,,66,,70,,70,,67,,75,,46,,67,,71,,66,,81,,67,,71,
Revenue Including Intersegment Revenue,,26090,1.0,291920,1.0,101195,1.0,110348,1.0,125915,1.0,131394,1.0,114283,1.0,128082,1.0,130111,1.0,114533,1.0,113353,1.0,129428,1.0,134785,1.0,151095,1.0,155996,1.0,186673,1.0,181776,1.0,101715,1.0,81032,1.0,96678,1.0,109132,1.0,118132,1.0,119487,1.0,121654,1.0,123654,1.0,137136,1.0,150276,1.0,167861,1.0,163424,1.0,160274,1.0,162421,1.0,152418,1.0,150428,1.0,148598,1.0,141533,1.0,138045,1.0,147454,1.0,142273,1.0,136875,1.0,34069,1.0
  Downstream,,11174,0.427696547500574,243928,0.837064057733289,75609,0.747722979855418,84086,0.762518816765511,95791,0.761351804605101,101266,0.771156818995256,82597,0.723196539737854,93576,0.730982548783727,96244,0.740110735158413,85363,0.746082244460954,82624,0.729449363903628,95563,0.738879653612711,100520,0.746228768262264,112454,0.744629850350947,113379,0.727138047138047,138380,0.74159422930578,135204,0.744085193032663,77045,0.758011038852432,59726,0.737731444311318,72184,0.747261848071389,80533,0.738462243821925,86786,0.735119476185233,87011,0.728649907046075,89487,0.736027833296321,90474,0.732150226991333,98912,0.721674607285913,107759,0.717398540690243,122745,0.731530704681987,121200,0.741946937326297,118957,0.742566964425052,120606,0.74289022895403,113289,0.743639395053301,113115,0.752354537473062,110130,0.741396488582508,103092,0.728781687850811,100178,0.726101169120152,108366,0.735257997760966,104475,0.734761479439338,99451,0.726954424180403,16704,0.491323019001118
    Non-U.S.,,9150,0.350225828676414,171197,0.58748013959761,54216,0.536160365509944,59239,0.537198251627764,67033,0.532781738556793,74493,0.567276133326226,58687,0.513847177592351,64626,0.504835408627181,67557,0.519509381728699,60825,0.531617357863916,58582,0.517193583416469,66357,0.513062975992577,70458,0.523057964128756,80151,0.530731029002781,81060,0.51986531986532,97073,0.520225297162885,97300,0.53548333837814,55649,0.547505435798546,42864,0.529453180004694,50763,0.525507774488085,57035,0.522992985190959,61932,0.524594052025716,61814,0.517644497295125,62137,0.511074921245918,64474,0.521748278345593,70314,0.513019940317673,75692,0.503914571793779,85592,0.510107752455421,85445,0.523066469140639,84599,0.528093534835234,84187,0.51856209230845,77546,0.509019062122565,76072,0.505972809748051,73284,0.493348772081,66924,0.473101556645789,65127,0.472047663571724,71278,0.483617735861858,68199,0.479636258782325,64130,0.468769416322503,12557,0.369345255603271
    United States,,2024,0.0774707188241598,72731,0.249583918135679,21393,0.211562614345474,24847,0.225320565137748,28758,0.228570066048308,26773,0.20388068566903,23910,0.209349362145503,28950,0.226147140156545,28687,0.220601353429714,24538,0.214464886597037,24042,0.212255780487159,29206,0.225816677620134,30062,0.223170804133508,32303,0.213898821348166,32319,0.207272727272727,41307,0.221368932142895,37904,0.208601854654522,21396,0.210505603053886,16862,0.208278264306624,21421,0.221754073583304,23498,0.215469258630966,24854,0.210525424159516,25197,0.21100540975095,27350,0.224952912050403,26000,0.21040194864574,28598,0.20865466696824,32067,0.213483968896464,37153,0.221422952226566,35755,0.218880468185658,34358,0.214473429589818,36419,0.22432813664558,35743,0.234620332930736,37043,0.246381727725011,36846,0.248047716501508,36168,0.255680131205022,35051,0.254053505548428,37088,0.251640261899108,36276,0.255125220657013,35321,0.2581850078579,4147,0.121977763397847
  Upstream,,11449,0.438222460384291,19384,0.0665181926433295,14655,0.144928252850602,15593,0.141402325117435,18759,0.149097498748182,19648,0.149622668809065,20044,0.175499732950416,22097,0.172613932851094,20836,0.160227622270071,16979,0.148398374339029,19013,0.167857048265633,20189,0.156098503885259,20496,0.152155837985509,24052,0.159263673685605,27605,0.17704024370691,31331,0.167906408428815,29778,0.163881015932418,15085,0.148414517763501,13777,0.170172556479205,14719,0.15237375515021,17018,0.156049699692816,18947,0.160490271648441,19268,0.161354615036763,18289,0.150426464661419,20187,0.163360928358136,24363,0.17775556512159,26828,0.178605666808692,27805,0.165711118527701,25546,0.156384294232158,25980,0.162175321635237,25525,0.157224956420507,23673,0.155391744998162,22513,0.149739271556655,23847,0.160538291684619,23144,0.163610400260148,23409,0.16967100828459,23765,0.161244360009499,23297,0.163845304489096,22545,0.1647966083111,12284,0.361315371492441
    Non-U.S.,,8599,0.32913572686213,15219,0.0522255661287057,11312,0.111868194899079,12219,0.110805810979923,15367,0.122137707940898,15797,0.12029668664377,16413,0.143707698908161,18612,0.145390347930695,17647,0.13570439864657,14112,0.123340471092077,16088,0.142033566112529,16973,0.131232844937565,17317,0.128555944886566,20115,0.133194278903457,23280,0.149302549302549,26249,0.140671389832688,25390,0.139731983159517,12496,0.122942513355831,11752,0.1451598957497,12351,0.127859790057765,14433,0.132346063912705,15801,0.133842127108092,15860,0.132815247793391,15264,0.125545932341402,15193,0.122947569452874,18795,0.137130724724389,21183,0.141024446101406,21578,0.128599694860303,19628,0.120156225130698,19940,0.124471744164997,20066,0.123599450559604,18955,0.124422359922281,17860,0.118791071381063,18690,0.125821305471779,17789,0.125754640953499,18147,0.131531453173585,18334,0.124395291244021,17082,0.120135875489665,16608,0.121399071671357,10080,0.296488028707571
    United States,,2850,0.109086733522162,4165,0.0142926265146238,3343,0.0330600579515225,3374,0.030596514137512,3392,0.0269597908072836,3851,0.0293259821652947,3631,0.0317920340422551,3485,0.0272235849203993,3189,0.0245232236235005,2867,0.0250579032469519,2925,0.0258234821531046,3216,0.024865658947694,3179,0.0235998930989429,3937,0.0260693947821481,4325,0.0277376944043611,5082,0.0272350185961264,4388,0.0241490327729011,2589,0.0254720044076701,2025,0.0250126607295051,2368,0.024513965092445,2585,0.023703635780111,3146,0.0266481445403492,3408,0.0285393672433718,3025,0.0248805323200171,4994,0.0404133589052625,5568,0.0406248403972012,5645,0.0375812207072859,6227,0.0371114236673977,5918,0.0362280691014606,6040,0.0377035774702398,5459,0.0336255058609029,4718,0.0309693850758809,4653,0.0309482001755926,5157,0.0347169862128393,5355,0.0378557593066493,5262,0.0381395551110048,5431,0.0368490687654782,6215,0.0437094289994303,5937,0.0433975366397427,2204,0.0648273427848697
  Chemical Prime Product,,3503,0.134080992115134,28097,0.0964177496233816,10855,0.10734876729398,10595,0.0960788581170539,11267,0.0895506966467171,10403,0.0792205121956792,11570,0.10130372731173,12341,0.0964035183651788,12960,0.0996616425715165,12073,0.105519381200017,11632,0.102693587830739,13583,0.10502184250203,13688,0.101615393752227,14514,0.0961064759634485,14941,0.0958217091550425,16887,0.0904993622654048,16723,0.0920337910349192,9511,0.0935744433840675,7456,0.0920959992094764,9695,0.100364396778401,11504,0.10548805648526,12324,0.104390252166326,13135,0.109995477917162,13805,0.11354570204226,12912,0.10448884465053,13784,0.100569827592497,15621,0.103995792501065,17242,0.102758176790312,16608,0.101668768441544,15260,0.0952577139397117,16216,0.0998848146254627,15382,0.100968859948538,14720,0.0979061909702823,14567,0.0980652197328738,15222,0.107607911889041,14380,0.104227822595258,15254,0.103497642229535,14417,0.101393216071567,14809,0.108248967508497,5010,0.147361609506442
    United States,,1697,0.0649544515042486,11467,0.0393501916550278,4560,0.0450953826679457,4610,0.0418049585577743,4773,0.0379360499773481,4420,0.0336590083538308,5048,0.0441988950276243,5360,0.0418704204227663,5632,0.0433097508458936,5082,0.0444172529825635,4886,0.0431362508718184,5677,0.0438937642556153,5915,0.0439110939541513,6022,0.0398755131770626,6080,0.0389931056597723,7347,0.0393734123624047,6913,0.0380451831264962,3721,0.0366092423333104,3069,0.0379080769278277,4151,0.0429719041802108,4837,0.0443537664481225,5090,0.0431147665957969,5705,0.0477749677592242,6039,0.0496705899770523,5732,0.0463855372937454,5620,0.041004239050336,6463,0.0430270025564551,7631,0.045478926289692,6937,0.0424660553154499,6661,0.0415800545578257,7055,0.0434563003936014,6747,0.0442879273223757,6794,0.045188496022561,6536,0.0440004308487721,7110,0.0502622686592487,6682,0.0484318713895352,6844,0.0464362044984225,6652,0.0467828031704281,6510,0.047585980044589,2553,0.0750926525089711
    Non-U.S.,,1806,0.0691265406108857,16630,0.0570675579683538,6295,0.0622533846260347,5985,0.0542738995592796,6494,0.051614646669369,5983,0.0455615038418483,6522,0.0571048322841057,6981,0.0545330979424125,7328,0.0563518917256229,6991,0.061102128217454,6746,0.0595573369589208,7906,0.0611280782464143,7773,0.0577042997980758,8492,0.0562309627863859,8861,0.0568286034952702,9540,0.051125949903,9810,0.053988607908423,5790,0.0569652010507571,4387,0.0541879222816487,5544,0.0573924925981904,6667,0.0611342900371372,7234,0.0612754855705295,7430,0.0622205101579379,7766,0.0638751120652076,7180,0.0581033073567851,8164,0.0595655885421607,9158,0.0609687899446101,9611,0.0572792505006198,9671,0.0592027131260943,8599,0.0536776593818861,9161,0.0564285142318614,8635,0.0566809326261618,7926,0.0527176949477213,8031,0.0540647888841017,8112,0.0573456432297926,7698,0.0557959512057231,8410,0.0570614377311124,7765,0.0546104129011386,8299,0.0606629874639085,2457,0.0722689569974704
  Corporate & Financing,,-36,,511,,76,,74,,98,,77,,72,,68,,71,,118,,84,,93,,81,,75,,71,,75,,71,,74,,73,,80,,77,,75,,73,,73,,81,,77,,68,,69,,70,,77,,74,,74,,80,,54,,75,,78,,69,,84,,70,,71,
Net Income,,5680,1.0,8420,1.0,7860,1.0,7640,1.0,9920,1.0,10710,1.0,8400,1.0,10360,1.0,10490,1.0,10241,1.0,9280,1.0,10260,1.0,9410,1.0,11660,1.0,10890,1.0,11680,1.0,14830,1.0,7820,1.0,4550,1.0,3950,1.0,4730,1.0,6050,1.0,6300,1.0,7560,1.0,7350,1.0,9250,1.0,10650,1.0,10680,1.0,10330,1.0,9400,1.0,9450,1.0,15910,1.0,9570,1.0,9950,1.0,9500,1.0,6860,1.0,7870,1.0,8350,1.0,9100,1.0,8780,1.0
  Upstream,,3929,0.678700984626015,4887,0.576365137398278,5054,0.636604106310618,4908,0.633862843858969,7349,0.738667202733943,7038,0.660658969304421,6383,0.741950482389864,7134,0.682091978200593,6493,0.613589113589114,6211,0.659832147030702,6041,0.657416476221569,5953,0.574669369630273,6299,0.662913070932435,8204,0.708279374946042,8785,0.800163949357865,10012,0.816839357102064,10971,0.727954349412779,5634,0.686821894428868,3503,0.702567188126755,3812,0.812619910466851,4012,0.769614425474775,5780,0.874035989717224,5814,0.81887323943662,5336,0.673397274103988,5467,0.695901221995927,7480,0.771372589460658,8675,0.768379096545616,8541,0.761365662328401,8394,0.764759475218659,8829,0.901194243135654,7802,0.773317474477153,8358,0.507992463380538,5973,0.600120566663318,7762,0.740083905415713,7037,0.724045683712316,6305,0.845514281882795,6713,0.805882352941176,6786,0.787970274036228,7783,0.807113968681945,7881,0.835471218064243
    Non-U.S.,,2756,0.476075315253066,3503,0.413138341785588,3701,0.466179619599446,3519,0.454475009686168,5678,0.570710624183335,5251,0.492912794517976,5103,0.593165174938975,5490,0.524906778850751,5301,0.500945000945001,5159,0.548071815574206,4864,0.529328544999456,4731,0.456704315088329,5103,0.537044832666807,6929,0.598204264870932,7154,0.651607614536843,7978,0.65089336705556,9092,0.603277818326587,4935,0.601609167377789,3143,0.630365022061773,2999,0.639309315710936,3303,0.63360828697487,4769,0.721155300166339,4723,0.665211267605634,4471,0.564235234729934,4468,0.568737270875764,6163,0.63555738888316,7396,0.655093002657219,7092,0.632198252807987,7210,0.656887755102041,7645,0.780340920690007,6792,0.673208444840916,7680,0.466784173099131,5340,0.536521651763287,6158,0.587147215865751,6178,0.635662105154851,5209,0.698538286174065,5663,0.679831932773109,5600,0.650255457501161,6539,0.678108472467075,6688,0.709000318032439
    United States,,1173,0.202625669372949,1384,0.16322679561269,1353,0.170424486711173,1389,0.179387834172801,1671,0.167956578550608,1787,0.167746174786445,1280,0.148785307450889,1644,0.157185199349842,1192,0.112644112644113,1052,0.111760331456496,1177,0.128087931222113,1222,0.117965054541944,1196,0.125868238265628,1275,0.11007511007511,1631,0.148556334821022,2034,0.165945990046504,1879,0.124676531086192,699,0.0852127270510789,360,0.0722021660649819,813,0.173310594755916,709,0.136006138499904,1011,0.152880689550885,1091,0.153661971830986,865,0.109162039374054,999,0.127163951120163,1317,0.135815200577498,1279,0.113286093888397,1449,0.129167409520414,1184,0.107871720116618,1184,0.120853322445647,1010,0.100109029636237,678,0.0412082902814076,633,0.0635989149000301,1604,0.152936689549962,859,0.0883835785574648,1096,0.14697599570873,1050,0.126050420168067,1186,0.137714816535067,1244,0.129005496214871,1193,0.126470900031803
  Chemical Prime Product,,1009,0.174296078770081,1248,0.147187168298148,1432,0.180375362136289,814,0.105127211675061,472,0.0474419539652226,1225,0.114991082324228,949,0.110310356852261,840,0.0803136055072187,1351,0.127669627669628,1242,0.131945182194837,1236,0.13450865164871,1013,0.09778936190752,1202,0.126499684276994,1112,0.0960027626694294,1028,0.0936332999362419,687,0.0560496043077425,1087,0.0721252737044655,155,0.0188955260270633,350,0.0701965503409547,367,0.0782349179279471,876,0.168041434874353,716,0.108271586269469,1249,0.175915492957746,1368,0.172640080767289,1229,0.156440936863544,1067,0.110034031143653,1516,0.134278122232064,1321,0.117757175967196,1003,0.091381195335277,543,0.0554251301418802,701,0.0694816136386163,1449,0.0880690451589376,790,0.0793730533507485,958,0.0913424866514111,1137,0.116987344376993,756,0.101381252514416,1025,0.123049219687875,910,0.105666511843939,1047,0.108576169241937,841,0.0891550938195696
    United States,,329,0.0568319226118501,425,0.0501238353579432,492,0.0619725406222446,343,0.0442980756812605,70,0.00703588300331692,281,0.0263775462311086,329,0.0382424735557364,189,0.0180705612391242,458,0.0432810432810433,384,0.0407946457027515,346,0.0376537164000435,204,0.0196930205618303,296,0.0311513365607241,335,0.0289216955883623,284,0.0258675653520357,102,0.00832177531206657,257,0.0170526176099794,81,0.00987443618188468,83,0.0166466105094264,79,0.0168407589000213,315,0.060425858430846,292,0.0441554513836383,539,0.0759154929577465,685,0.0864462392730944,676,0.0860488798370672,522,0.0538310817778694,669,0.0592559787422498,625,0.0557140310215725,538,0.0490160349854228,383,0.0390936000816577,433,0.0429180295371196,494,0.0300249194675743,565,0.0567668039786999,728,0.0694126620900076,752,0.0773742154542648,515,0.0690626257207992,680,0.0816326530612245,808,0.093822573153739,679,0.0704137716478274,528,0.0559737093183505
    Non-U.S.,,680,0.117464156158231,823,0.0970633329402052,940,0.118402821514045,471,0.0608291359938009,402,0.0404060709619057,944,0.0886135360931193,620,0.0720678832965245,651,0.0622430442680945,893,0.0843885843885844,858,0.0911505364920854,890,0.0968549352486669,809,0.0780963413456897,906,0.0953483477162703,777,0.0670810670810671,744,0.0677657345842062,585,0.0477278289956759,830,0.0550726560944861,74,0.00902108984517859,267,0.0535499398315283,288,0.0613941590279258,561,0.107615576443507,424,0.0641161348858309,710,0.1,683,0.0861938414941948,553,0.0703920570264766,545,0.0562029493657832,847,0.075022143489814,696,0.0620431449456231,465,0.0423651603498542,160,0.0163315300602225,268,0.0265635841014967,955,0.0580441256913633,225,0.0226062493720486,230,0.0219298245614035,385,0.0396131289227287,241,0.0323186267936167,345,0.0414165666266506,102,0.0118439386901997,368,0.0381623975941097,313,0.0331813845012191
  Downstream,,851,0.147002936603904,2344,0.276447694303574,1453,0.183020531553092,2021,0.261009944465969,2128,0.213890843300834,2390,0.224349948371351,1271,0.147739160757875,2485,0.237594416292189,2738,0.258741258741259,1960,0.208222670774461,1912,0.20807487212972,3393,0.327541268462207,2001,0.21058724479057,2267,0.195717862384529,1166,0.106202750705893,1558,0.127111038590193,3013,0.199920376882755,2414,0.294282579544069,1133,0.22723626153229,512,0.109145171605201,325,0.0623441396508728,117,0.0176924240133071,37,0.0052112676056338,1220,0.153962645128723,1160,0.14765784114053,1150,0.118593379395689,1099,0.0973427812223206,1356,0.120877161704404,1579,0.143859329446064,425,0.0433806267224661,1586,0.15720091188423,6646,0.403938491460524,3190,0.320506379985934,1768,0.168573607932876,1545,0.15896697191069,396,0.0531044656027893,592,0.0710684273709484,916,0.106363214119833,813,0.0843098620761174,711,0.0753736881161878
    United States,,11,0.0019001554672655,876,0.103314070055431,645,0.0812444892303817,999,0.12901975978303,1109,0.111468489295407,1158,0.108701774148127,592,0.0688132046960363,1354,0.129457883162826,1272,0.12020412020412,945,0.100393073409115,839,0.0913048209816084,1745,0.168452553335264,914,0.096190275731425,622,0.0536993870327204,398,0.0362510246834867,293,0.0239047075140736,978,0.0648928405547077,-20,-0.00243813239058881,352,0.0705976734857601,-15,-0.00319761244937114,-203,-0.0389411087665452,19,0.00287312868592167,-60,-0.00845070422535211,440,0.0555275113579,164,0.0208757637474542,226,0.0233061771681964,694,0.0614703277236492,734,0.0654305580317347,810,0.0737973760932945,30,0.00306216188629172,603,0.0597680642283675,834,0.0506898437974837,1441,0.144780468200543,697,0.0664569031273837,1039,0.10690400246939,248,0.0332573420946761,315,0.0378151260504202,597,0.0693218764514631,623,0.0646064502748107,536,0.056821795823174
    Non-U.S.,,840,0.145102781136638,1468,0.173133624248142,808,0.101776042322711,1022,0.131990184682939,1019,0.102422354005428,1232,0.115648174223224,679,0.0789259560618389,1131,0.108136533129362,1466,0.138537138537139,1015,0.107829597365346,1073,0.116770051148112,1648,0.159088715126943,1087,0.114396969059145,1645,0.142018475351809,768,0.0699517260224064,1265,0.10320633107612,2035,0.135027536328047,2434,0.296720711934658,781,0.15663858804653,527,0.112342784054573,528,0.101285248417418,98,0.0148192953273855,97,0.0136619718309859,780,0.0984351337708228,996,0.126782077393075,924,0.095287202227493,405,0.0358724534986714,622,0.0554466036726689,769,0.0700619533527697,395,0.0403184648361743,983,0.0974328476558628,5812,0.35324864766304,1749,0.175725911785391,1071,0.102116704805492,506,0.0520629694413005,148,0.0198471235081132,277,0.0332533013205282,319,0.0370413376683697,190,0.0197034118013066,175,0.0185518922930139
  Corporate & Financing,,-109,,-59,,-79,,-103,,-29,,57,,-203,,-99,,-92,,828,,91,,-99,,-92,,77,,-89,,-577,,-241,,-383,,-436,,-741,,-483,,-563,,-800,,-364,,-506,,-447,,-640,,-538,,-646,,-397,,-639,,-543,,-383,,-538,,-219,,-597,,-460,,-262,,-543,,-653,
Assets,,—,,195256,1.0,—,,—,,—,,208335,1.0,—,,—,,—,,219015,1.0,—,,—,,—,,242082,1.0,—,,—,,—,,228052,1.0,—,,—,,—,,233323,1.0,—,,—,,—,,302510,1.0,—,,—,,—,,331052,1.0,—,,—,,—,,333795,1.0,—,,—,,—,,346808,1.0,—,,—,
  Upstream,,—,,81534,0.48804927541437,—,,—,,—,,87066,0.511061674189818,—,,—,,—,,96209,0.533960483960484,—,,—,,—,,106222,0.528225886658843,—,,—,,—,,106806,0.576289293923403,—,,—,,—,,127312,0.594738022273713,—,,—,,—,,192371,0.67644328483118,—,,—,,—,,210877,0.685845773571405,—,,—,,—,,226994,0.726322694184465,—,,—,,—,,246163,0.737987168725267,—,,—,
    United States,,—,,19330,0.115706239038435,—,,—,,—,,20827,0.12225072345521,—,,—,,—,,21119,0.117210567210567,—,,—,,—,,21782,0.108318580550196,—,,—,,—,,23056,0.124402430207086,—,,—,,—,,24940,0.116507212796173,—,,—,,—,,76725,0.269791761901078,—,,—,,—,,82900,0.269619800305721,—,,—,,—,,86146,0.275645148388129,—,,—,,—,,88698,0.265913179038254,—,,—,
    Non-U.S.,,—,,62204,0.372343036375934,—,,—,,—,,66239,0.388810950734608,—,,—,,—,,75090,0.416749916749917,—,,—,,—,,84440,0.419907306108647,—,,—,,—,,83750,0.451886863716318,—,,—,,—,,102372,0.478230809477539,—,,—,,—,,115646,0.406651522930102,—,,—,,—,,127977,0.416225973265684,—,,—,,—,,140848,0.450677545796336,—,,—,,—,,157465,0.472073989687013,—,,—,
  Corporate & Financing,,—,,28195,,—,,—,,—,,37972,,—,,—,,—,,38835,,—,,—,,—,,40990,,—,,—,,—,,42718,,—,,—,,—,,19259,,—,,—,,—,,18124,,—,,—,,—,,23582,,—,,—,,—,,21270,,—,,—,,—,,13248,,—,,—,
  Chemical Prime Product,,—,,21154,0.126624406653857,—,,—,,—,,19496,0.1144379941654,—,,—,,—,,19537,0.108430458430458,—,,—,,—,,21418,0.106508463787719,—,,—,,—,,20156,0.108755004478401,—,,—,,—,,24161,0.112868114208835,—,,—,,—,,26235,0.0922513766500461,—,,—,,—,,27107,0.0881614466452012,—,,—,,—,,26124,0.0835901127909767,—,,—,,—,,27475,0.0823689890874206,—,,—,
    Non-U.S.,,—,,13052,0.0781271511603546,—,,—,,—,,11702,0.0686886237035037,—,,—,,—,,11885,0.065961815961816,—,,—,,—,,13801,0.0686302786784159,—,,—,,—,,13300,0.0717623317901734,—,,—,,—,,17117,0.0799620674190896,—,,—,,—,,19087,0.0671165247234393,—,,—,,—,,19862,0.0645981721793996,—,,—,,—,,18886,0.0604303655707543,—,,—,,—,,19659,0.0589369228924331,—,,—,
    United States,,—,,8102,0.0484972554935024,—,,—,,—,,7794,0.0457493704618961,—,,—,,—,,7652,0.0424686424686425,—,,—,,—,,7617,0.0378781851093032,—,,—,,—,,6856,0.0369926726882277,—,,—,,—,,7044,0.0329060467897451,—,,—,,—,,7148,0.0251348519266068,—,,—,,—,,7245,0.0235632744658015,—,,—,,—,,7238,0.0231597472202224,—,,—,,—,,7816,0.0234320661949874,—,,—,
  Downstream,,—,,64373,0.385326317931773,—,,—,,—,,63801,0.374500331644782,—,,—,,—,,64434,0.357609057609058,—,,—,,—,,73452,0.365265649553438,—,,—,,—,,58372,0.314955701598196,—,,—,,—,,62591,0.292393863517453,—,,—,,—,,65780,0.231305338518774,—,,—,,—,,69486,0.225992779783393,—,,—,,—,,59407,0.190087193024558,—,,—,,—,,59922,0.179643842187313,—,,—,
    Non-U.S.,,—,,49688,0.297424294120112,—,,—,,—,,47691,0.279937545124235,—,,—,,—,,47694,0.264701964701965,—,,—,,—,,54883,0.272924830425875,—,,—,,—,,42044,0.226855299081658,—,,—,,—,,45098,0.210675312056207,—,,—,,—,,47402,0.166681904172498,—,,—,,—,,51132,0.166299151136696,—,,—,,—,,40956,0.131048716102712,—,,—,,—,,40661,0.12190010792661,—,,—,
    United States,,—,,14685,0.0879020238116616,—,,—,,—,,16110,0.0945627865205473,—,,—,,—,,16740,0.0929070929070929,—,,—,,—,,18569,0.0923408191275635,—,,—,,—,,16328,0.0881004025165377,—,,—,,—,,17493,0.0817185514612452,—,,—,,—,,18378,0.0646234343462758,—,,—,,—,,18354,0.0596936286466972,—,,—,,—,,18451,0.0590384769218463,—,,—,,—,,19261,0.0577437342607027,—,,—,
Capital Expenditures,,-3634,,-3720,,-3417,,-4537,,-4414,,-5331,,-4824,,-4901,,-5061,,-5710,,-4222,,-5039,,-5441,,-6151,,-5491,,-6970,,-6853,,-6829,,-5774,,-6562,,-6493,,-6772,,-6877,,-6519,,-8769,,-10061,,-7821,,-10306,,-8620,,-10019,,-8834,,-9339,,-9183,,-12443,,-11775,,-10244,,-10546,,-9924,,-8436,,-9800,
  Corporate & Financing,,-3,,-19,,-5,,-35,,-20,,-20,,-12,,-41,,-66,,-35,,-3,,-23,,-5,,-13,,-3,,-12,,-11,,-35,,-4,,-10,,-8,,-10,,-43,,-35,,-54,,-55,,-22,,-34,,-6,,-43,,-3,,-9,,-2,,-21,,-3,,-2,,-6,,-2,,-2,,-10,
  Downstream,,-600,0.1652437345084,-601,0.162388543636855,-452,0.132473622508792,-649,0.144158151932474,-646,0.147018661811561,-748,0.140839766522312,-581,0.120739817123857,-742,0.152674897119342,-658,0.131731731731732,-683,0.120352422907489,-531,0.125859208343209,-874,0.174242424242424,-984,0.181015452538631,-914,0.14890843923102,-827,0.150692419825073,-904,0.129922391491808,-844,0.123355743934522,-954,0.140418015896379,-646,0.111958405545927,-817,0.12469474969475,-831,0.128141865844256,-799,0.118160307601301,-674,0.0986245244366403,-584,0.0900678593460827,-558,0.0640275387263339,-689,0.0688586847891265,-450,0.0576997050903962,-484,0.0471183800623053,-541,0.062804736475505,-645,0.0646551724137931,-439,0.0497112444796739,-569,0.0609860664523044,-583,0.0635007079838797,-671,0.0540170664949284,-609,0.0517329255861366,-575,0.056141378636985,-556,0.0527514231499051,-673,0.0678290667204193,-540,0.0640265591652834,-682,0.0696629213483146
    United States,,-202,0.0556320572844946,-194,0.0524182653336936,-148,0.0433763188745604,-201,0.0446468236339405,-191,0.0434683659535731,-213,0.0401054415364338,-162,0.0336658354114713,-250,0.051440329218107,-215,0.043043043043043,-206,0.0362995594713656,-212,0.0502488741407917,-317,0.0631977671451356,-263,0.0483811626195732,-336,0.0547409579667644,-351,0.0639577259475219,-426,0.0612244897959184,-421,0.0615317158725519,-438,0.0644686488077716,-353,0.0611785095320624,-407,0.0621184371184371,-396,0.0610639938319198,-378,0.0559006211180124,-347,0.0507755340942347,-264,0.040715607649599,-201,0.0230636833046472,-170,0.0169898061163302,-117,0.015001923323503,-114,0.0110981308411215,-135,0.0156721615973996,-152,0.0152365677626303,-110,0.0124561204846563,-176,0.0188638799571275,-156,0.0169916131140399,-192,0.0154564482369989,-259,0.0220013591573225,-221,0.0215778168326499,-207,0.0196394686907021,-264,0.0266075388026608,-228,0.0270334360920085,-296,0.0302349336057201
    Non-U.S.,,-398,0.109611677223905,-407,0.109970278303161,-304,0.0890973036342321,-448,0.099511328298534,-455,0.103550295857988,-535,0.100734324985878,-419,0.0870739817123857,-492,0.101234567901235,-443,0.0886886886886887,-477,0.0840528634361234,-319,0.0756103342024176,-557,0.111044657097289,-721,0.132634289919058,-578,0.0941674812642555,-476,0.086734693877551,-478,0.0686979016958896,-423,0.0618240280619702,-516,0.0759493670886076,-293,0.0507798960138648,-410,0.0625763125763126,-435,0.0670778720123362,-421,0.062259686483289,-327,0.0478489903424056,-320,0.0493522516964837,-357,0.0409638554216867,-519,0.0518688786727963,-333,0.0426977817668932,-370,0.0360202492211838,-406,0.0471325748781054,-493,0.0494186046511628,-329,0.0372551239950175,-393,0.0421221864951768,-427,0.0465090948698399,-479,0.0385606182579295,-350,0.0297315664288141,-354,0.0345635618043351,-349,0.033111954459203,-409,0.0412215279177585,-312,0.0369931230732748,-386,0.0394279877425945
  Chemical Prime Product,,-154,0.0424125585238226,-172,0.0464739259659551,-148,0.0433763188745604,-175,0.0388716126166148,-162,0.0368684569868002,-169,0.0318207493880625,-144,0.029925187032419,-186,0.0382716049382716,-195,0.039039039039039,-189,0.0333039647577092,-219,0.0519080350794027,-276,0.0550239234449761,-601,0.11055923473142,-686,0.111762789182144,-566,0.103134110787172,-797,0.114544409313021,-721,0.105378544285297,-735,0.108183691492493,-758,0.131369150779896,-830,0.126678876678877,-747,0.115188897455667,-787,0.116385684708666,-614,0.0898448931811531,-558,0.0860579888957434,-525,0.0602409638554217,-518,0.0517689386368179,-449,0.0575714835235287,-352,0.0342679127725857,-321,0.037264917576039,-328,0.032878909382518,-313,0.0354433246517948,-368,0.0394426580921758,-350,0.0381222089097048,-387,0.0311544034777009,-316,0.0268433571185865,-390,0.0380785002929115,-509,0.048292220113852,-617,0.0621850433380367,-630,0.0746976523594973,-714,0.0729315628192033
    Non-U.S.,,-86,0.0236849352795373,-107,0.0289111051067279,-93,0.0272567409144197,-102,0.0226565970679698,-108,0.0245789713245335,-108,0.0203351534550932,-81,0.0168329177057357,-122,0.0251028806584362,-120,0.024024024024024,-119,0.0209691629955947,-135,0.0319981038160702,-214,0.0426634768740032,-505,0.0928991905813098,-568,0.0925382860866732,-467,0.0850947521865889,-674,0.0968669157803967,-598,0.0874013446360713,-639,0.0940535766853106,-681,0.118024263431542,-736,0.112332112332112,-681,0.105011565150347,-707,0.104554865424431,-546,0.0798946444249342,-492,0.0758790869833436,-463,0.053126792885829,-435,0.0434739156506096,-393,0.050391075778946,-287,0.027940031152648,-245,0.0284420710471326,-235,0.0235565356856456,-239,0.0270637526893896,-273,0.0292604501607717,-240,0.026140943252369,-258,0.0207696023184672,-202,0.0171593611960584,-192,0.0187463386057411,-227,0.0215370018975332,-248,0.0249949606934086,-233,0.0276262746027982,-212,0.0216547497446374
    United States,,-68,0.0187276232442853,-65,0.0175628208592272,-55,0.0161195779601407,-73,0.016215015548645,-54,0.0122894856622667,-61,0.0114855959329693,-63,0.0130922693266833,-64,0.0131687242798354,-75,0.015015015015015,-70,0.0123348017621145,-84,0.0199099312633325,-62,0.0123604465709729,-96,0.0176600441501104,-118,0.0192245030954708,-99,0.0180393586005831,-123,0.0176774935326243,-123,0.0179771996492254,-96,0.0141301148071828,-77,0.0133448873483536,-94,0.0143467643467643,-66,0.01017733230532,-80,0.0118308192842354,-68,0.00995024875621891,-66,0.0101789019123998,-62,0.00711417096959266,-83,0.00829502298620828,-56,0.00718040774458264,-65,0.00632788161993769,-76,0.00882284652890643,-93,0.00932237369687249,-74,0.00837957196240516,-95,0.0101822079314041,-110,0.0119812656573358,-129,0.0103848011592336,-114,0.00968399592252803,-198,0.0193321616871705,-282,0.0267552182163188,-369,0.0371900826446281,-397,0.0470713777566991,-502,0.0512768130745659
  Upstream,,-2877,0.792343706967777,-2928,0.79113753039719,-2812,0.824150058616647,-3678,0.816970235450911,-3586,0.816112881201639,-4394,0.827339484089625,-4087,0.849334995843724,-3932,0.809053497942387,-4142,0.829229229229229,-4803,0.846343612334802,-3469,0.822232756577388,-3866,0.7707336523126,-3851,0.708425312729948,-4538,0.739328771586836,-4095,0.746173469387755,-5257,0.755533199195171,-5277,0.771265711780181,-5105,0.751398292611128,-4366,0.756672443674177,-4905,0.748626373626374,-4907,0.756669236700077,-5176,0.765454007690032,-5546,0.811530582382207,-5342,0.823874151758174,-7632,0.875731497418244,-8799,0.879372376574055,-6900,0.884728811386075,-9436,0.918613707165109,-7752,0.899930345948456,-9003,0.902465918203689,-8079,0.914845430868531,-8393,0.89957127545552,-8248,0.898377083106416,-11364,0.914828530027371,-10847,0.921423717295277,-9277,0.905780121070104,-9475,0.898956356736243,-8632,0.869985889941544,-7264,0.861275788475219,-8394,0.857405515832482
    United States,,-483,0.133021206279262,-480,0.129694677114293,-441,0.129249706916764,-531,0.117947578853843,-628,0.142922166590806,-542,0.102052344191301,-548,0.113881961762261,-619,0.127366255144033,-606,0.121321321321321,-713,0.125638766519824,-466,0.11045271391325,-497,0.0990829346092504,-568,0.10448859455482,-681,0.110948191593353,-591,0.107689504373178,-743,0.10678355849382,-1000,0.146156094709149,-1000,0.147188695908154,-803,0.139168110918544,-941,0.143620268620269,-858,0.13230531996916,-896,0.132505175983437,-772,0.112964588820603,-772,0.119062307217767,-2352,0.269879518072289,-2453,0.245152908255047,-2080,0.266700859084498,-4075,0.396709501557632,-2172,0.252147666589273,-2414,0.241980753809142,-2422,0.274261125580342,-2662,0.285316184351554,-1960,0.213484369894347,-4036,0.324907422315247,-2090,0.177539925246347,-2643,0.258055067369654,-2314,0.219544592030361,-2098,0.21144930457569,-2092,0.248043632914394,-2698,0.2755873340143
    Non-U.S.,,-2394,0.659322500688516,-2448,0.661442853282897,-2371,0.694900351699883,-3147,0.699022656597068,-2958,0.673190714610833,-3852,0.725287139898324,-3539,0.735453034081463,-3313,0.681687242798354,-3536,0.707907907907908,-4090,0.720704845814978,-3003,0.711780042664138,-3369,0.671650717703349,-3283,0.603936718175129,-3857,0.628380579993483,-3504,0.638483965014577,-4514,0.648749640701351,-4277,0.625109617071032,-4105,0.604209596702973,-3563,0.617504332755633,-3964,0.605006105006105,-4049,0.624363916730918,-4280,0.632948831706596,-4774,0.698565993561604,-4570,0.704811844540407,-5280,0.605851979345955,-6346,0.634219468319009,-4820,0.618027952301577,-5361,0.521904205607477,-5580,0.647782679359183,-6589,0.660485164394547,-5657,0.640584305288189,-5731,0.614255091103966,-6288,0.684892713212068,-7328,0.589921107712124,-8757,0.74388379204893,-6634,0.647725053700449,-7161,0.679411764705882,-6534,0.658536585365854,-5172,0.613232155560825,-5696,0.581818181818182
Total Refining Inputs (mbpd),,5809,1.0,5852,1.0,5749,1.0,5727,1.0,5764,1.0,5652,1.0,5548,1.0,5407,1.0,5756,1.0,5256,1.0,5705,1.0,5279,1.0,5582,1.0,5717,1.0,5526,1.0,5472,1.0,5354,1.0,5313,1.0,5381,1.0,5290,1.0,5352,1.0,5379,1.0,5156,1.0,5192,1.0,5364,1.0,5298,1.0,5180,1.0,5193,1.0,5232,1.0,5250,1.0,5330,1.0,4962,1.0,4929,1.0,4837,1.0,4576,1.0,4466,1.0,4847,1.0,4452,1.0,4509,1.0,4454,1.0
  Refinery Throughput,,5809,1.0,5852,1.0,5749,1.0,5727,1.0,5764,1.0,5652,1.0,5548,1.0,5407,1.0,5756,1.0,5256,1.0,5705,1.0,5279,1.0,5582,1.0,5717,1.0,5526,1.0,5472,1.0,5354,1.0,5313,1.0,5381,1.0,5290,1.0,5352,1.0,5379,1.0,5156,1.0,5192,1.0,5364,1.0,5298,1.0,5180,1.0,5193,1.0,5232,1.0,5250,1.0,5330,1.0,4962,1.0,4929,1.0,4837,1.0,4576,1.0,4466,1.0,4847,1.0,4452,1.0,4509,1.0,4454,1.0
Total Refining Outputs (mbpd),,8242,1.0,—,,8229,1.0,8259,1.0,8217,1.0,8322,1.0,7177,1.0,7060,1.0,7302,1.0,—,,7198,1.0,6974,1.0,7101,1.0,—,,6821,1.0,6775,1.0,6688,1.0,—,,6434,1.0,6487,1.0,6301,1.0,—,,6195,1.0,6304,1.0,6595,1.0,—,,6267,1.0,6331,1.0,6558,1.0,—,,6316,1.0,6051,1.0,6105,1.0,—,,5755,1.0,5765,1.0,6031,1.0,—,,5817,1.0,5841,1.0
"  Gasoline, naphthas",,3363,0.408032031060422,—,,3144,0.382063434196136,3343,0.404770553335755,3335,0.405865887793599,3274,0.393415044460466,2735,0.381078445032743,2875,0.407223796033994,2898,0.396877567789647,—,,2858,0.397054737427063,2876,0.412388872956696,2831,0.398676242782707,—,,2666,0.390851781263744,2636,0.389077490774908,2622,0.392045454545455,—,,2457,0.381877525645011,2617,0.403422229073532,2593,0.411521980637994,—,,2535,0.409200968523002,2565,0.406884517766497,2728,0.413646702047005,—,,2470,0.394127971916387,2498,0.394566419207076,2568,0.391582799634035,—,,2522,0.399303356554782,2489,0.411336969096017,2447,0.400819000819001,—,,2355,0.409209383145091,2327,0.403642671292281,2455,0.407063505223014,—,,2401,0.412755716004813,2436,0.417051874678993
"  Heating oils, kerosene, diesel oils",,2446,0.296772628002912,—,,2690,0.326892696560943,2461,0.29797796343383,2460,0.299379335523914,2632,0.316270127373228,2244,0.312665459105476,2055,0.291076487252125,2160,0.295809367296631,—,,2195,0.304945818282856,1995,0.286062517923717,2056,0.289536684973947,—,,2089,0.306260079167278,2067,0.305092250922509,2063,0.308462918660287,—,,2188,0.340068386695679,1991,0.306921535378449,1851,0.293762894778607,—,,1860,0.300242130750605,1887,0.299333756345178,1949,0.295526914329037,—,,2034,0.324557204404021,1949,0.307850260622335,2013,0.306953339432754,—,,2096,0.331855604813173,1915,0.316476615435465,1897,0.310728910728911,—,,1792,0.311381407471764,1791,0.310667823070252,1887,0.312883435582822,—,,1865,0.32061199931236,1887,0.323061119671289
  Specialty petroleum products,,1047,0.127032273719971,—,,986,0.119820148256167,1060,0.128344835936554,989,0.120360228793964,1013,0.121725546743571,879,0.122474571548001,833,0.117988668555241,854,0.116954259107094,—,,786,0.109196999166435,821,0.117722971035274,815,0.11477256724405,—,,767,0.112446855299809,819,0.120885608856089,761,0.113785885167464,—,,670,0.104134286602425,768,0.118390627408663,708,0.112363116965561,—,,720,0.116222760290557,816,0.129441624365482,795,0.12054586808188,—,,744,0.118717089516515,802,0.126678249881535,817,0.12458066483684,—,,735,0.116371120962635,747,0.123450669310858,764,0.125143325143325,—,,695,0.120764552562989,747,0.129575021682567,788,0.130658265627591,—,,694,0.119305483926423,727,0.124464988871769
  Aviation fuels,,731,0.088692065032759,—,,691,0.0839713209381456,720,0.0871776244097348,739,0.0899354995740538,649,0.0779860610430185,634,0.088337745576146,632,0.0895184135977337,687,0.0940838126540674,—,,633,0.0879410947485413,622,0.0891884141095498,671,0.0944937332770032,—,,612,0.0897229145286615,623,0.0919557195571956,640,0.0956937799043062,—,,526,0.0817531861983214,544,0.0838600277478033,553,0.0877638470084114,—,,451,0.0728006456820016,455,0.0721763959390863,526,0.0797573919636088,—,,464,0.074038614967289,481,0.0759753593429158,532,0.0811222933821287,—,,458,0.0725142495250158,469,0.0775078499421583,495,0.0810810810810811,—,,453,0.0787141615986099,469,0.0813529921942758,482,0.0799204112087548,—,,428,0.0735774454186007,412,0.0705358671460366
  Heavy fuels,,655,0.0794710021839359,—,,718,0.0872524000486086,675,0.0817290228841264,694,0.08445904831447,754,0.0906032203797164,685,0.0954437787376341,665,0.0941926345609065,703,0.0962749931525609,—,,726,0.100861350375104,660,0.0946372239747634,728,0.102520771722293,—,,687,0.100718369740507,630,0.0929889298892989,602,0.090011961722488,—,,593,0.0921666148585639,567,0.0874055803915523,596,0.0945881606094271,—,,629,0.101533494753834,581,0.0921637055837563,597,0.0905231235784685,—,,555,0.0885591191957875,601,0.0949297109461381,628,0.0957609027142421,—,,505,0.0799556681443952,431,0.0712278962155016,502,0.0822276822276822,—,,460,0.0799304952215465,431,0.0747614917606245,419,0.0694743823578179,—,,429,0.073749355337803,379,0.0648861496319123
Source: Bloomberg,,,,,,,,,,,,,,,,,,,,,,,,,,,,,,,,,,,,,,,,,,,,,,,,,,,,,,,,,,,,,,,,,,,,,,,,,,,,,,,,,
