Unnamed: 0,Unnamed: 1,Unnamed: 2,Unnamed: 3,Unnamed: 4,Unnamed: 5,Unnamed: 6,Unnamed: 7,Unnamed: 8,Unnamed: 9,Unnamed: 10,Unnamed: 11,Unnamed: 12,Unnamed: 13,Unnamed: 14,Unnamed: 15,Unnamed: 16,Unnamed: 17,Unnamed: 18,Unnamed: 19,Unnamed: 20,Unnamed: 21,Unnamed: 22,Unnamed: 23,Unnamed: 24,Unnamed: 25,Unnamed: 26,Unnamed: 27,Unnamed: 28,Unnamed: 29,Unnamed: 30,Unnamed: 31,Unnamed: 32,Unnamed: 33,Unnamed: 34,Unnamed: 35,Unnamed: 36,Unnamed: 37,Unnamed: 38,Unnamed: 39,Unnamed: 40,Unnamed: 41,Unnamed: 42,Unnamed: 43,Unnamed: 44,Unnamed: 45,Unnamed: 46,Unnamed: 47,Unnamed: 48,Unnamed: 49,Unnamed: 50,Unnamed: 51,Unnamed: 52,Unnamed: 53,Unnamed: 54,Unnamed: 55,Unnamed: 56,Unnamed: 57,Unnamed: 58,Unnamed: 59,Unnamed: 60,Unnamed: 61,Unnamed: 62,Unnamed: 63,Unnamed: 64,Unnamed: 65,Unnamed: 66,Unnamed: 67,Unnamed: 68,Unnamed: 69,Unnamed: 70,Unnamed: 71,Unnamed: 72,Unnamed: 73,Unnamed: 74,Unnamed: 75,Unnamed: 76,Unnamed: 77,Unnamed: 78,Unnamed: 79,Unnamed: 80,Unnamed: 81
Eli Lilly & Co (LLY US) - By Measure,,,,,,,,,,,,,,,,,,,,,,,,,,,,,,,,,,,,,,,,,,,,,,,,,,,,,,,,,,,,,,,,,,,,,,,,,,,,,,,,,
,,,,,,,,,,,,,,,,,,,,,,,,,,,,,,,,,,,,,,,,,,,,,,,,,,,,,,,,,,,,,,,,,,,,,,,,,,,,,,,,,
date,,Q1 2015,,Q2 2015,,Q3 2015,,Q4 2015,,Q1 2016,,Q2 2016,,Q3 2016,,Q4 2016,,Q1 2017,,Q2 2017,,Q3 2017,,Q4 2017,,Q1 2018,,Q2 2018,,Q3 2018,,Q4 2018,,Q1 2019,,Q2 2019,,Q3 2019,,Q4 2019,,Q1 2020,,Q2 2020,,Q3 2020,,Q4 2020,,Q1 2021,,Q2 2021,,Q3 2021,,Q4 2021,,Q1 2022,,Q2 2022,,Q3 2022,,Q4 2022,,Q1 2023,,Q2 2023,,Q3 2023,,Q4 2023,,Q1 2024,,Q2 2024,,Q3 2024 Est,,Q4 2024 Est,
date,,03/31/2015,,06/30/2015,,09/30/2015,,12/31/2015,,03/31/2016,,06/30/2016,,09/30/2016,,12/31/2016,,03/31/2017,,06/30/2017,,09/30/2017,,12/31/2017,,03/31/2018,,06/30/2018,,09/30/2018,,12/31/2018,,03/31/2019,,06/30/2019,,09/30/2019,,12/31/2019,,03/31/2020,,06/30/2020,,09/30/2020,,12/31/2020,,03/31/2021,,06/30/2021,,09/30/2021,,12/31/2021,,03/31/2022,,06/30/2022,,09/30/2022,,12/31/2022,,03/31/2023,,06/30/2023,,09/30/2023,,12/31/2023,,03/31/2024,,06/30/2024,,09/30/2024,,12/31/2024,
Revenue,,4644.7,1.0,4978.7,1.0,4959.7,1.0,5375.6,1.0,4865.1,1.0,5404.8,1.0,5191.7,1.0,5760.6,1.0,5228.3,1.0,5824.3,1.0,5658,1.0,6160.7,1.0,4963.9,1.0,5584.9,1.0,5306.9,1.0,5637.6,1.0,5092.2,1.0,5636.8,1.0,5476.6,1.0,6114,1.0,5859.8,1.0,5499.4,1.0,5740.6,1.0,7439.9,1.0,6805.5,1.0,6740,1.0,6773,1.0,7999.9,1.0,7810.1,1.0,6488,1.0,6941.7,1.0,7301.8,1.0,6960,1.0,8312.1,1.0,9498.6,1.0,9353.4,1.0,8768,1.0,11302.7,1.0,12166.15,1.0,13909.9,1.0
  Diabetes,,1626.3,0.350141020948608,1637.9,0.328981461023962,1786.4,0.360183075589249,1986.2,0.36948433663219,1756.7,0.361081992148157,1958.4,0.36234458259325,1975.8,0.38056898511085,2391.8,0.415199805575808,2123.1,0.406078457624849,2491.4,0.427759559088646,2560.7,0.452580417108519,2910.2,0.472381385232198,2698.7,0.543665263200306,2954.9,0.529087360561514,2837.9,0.534756637585031,3210.5,0.56947992053356,2553,0.501355013550136,2762.3,0.490047544706216,2712.3,0.495252528941314,3104.5,0.507769054628721,2968.9,0.506655517253149,2779,0.505327853947703,2783,0.484792530397519,3303.5,0.444024785279372,3111.1,0.457144956285357,3175.5,0.471142433234421,3274.1,0.483404695112949,3627.5,0.4534431680396,3388.2,0.433822870385782,3438,0.529901356350185,3652.6,0.526182347263639,3975.9,0.544509572982004,4190.4,0.602068965517241,5010.9,0.602844046630815,4720.4,0.496957446360516,5745.9,0.614311373404324,5493,0.626482664233577,7514.7,0.66485883903846,,,,
    Mounjaro,,—,,—,,—,,—,,—,,—,,—,,—,,—,,—,,—,,—,,—,,—,,—,,—,,—,,—,,—,,—,,—,,—,,—,,—,,—,,—,,—,,—,,0,,16,0.00246609124537608,187.4,0.0269962689254793,279.2,0.0382371470048481,568.5,0.0816810344827586,979.7,0.117864318282985,1409.3,0.148369233360706,2205.6,0.235807300019244,1806.5,0.206033302919708,3090.8,0.273456784662072,,,,
    Trulicity,,18.3,0.00393997459469933,44.3,0.00889790507562215,73.7,0.0148597697441378,112.5,0.0209278964208647,143.6,0.0295163511541387,201.3,0.0372446714031972,243.6,0.0469210470558777,337,0.0585008506058397,372.9,0.071323374710709,480.2,0.0824476761155847,527.7,0.0932661717921527,649,0.105345171814891,678.3,0.136646588368017,779.8,0.139626492864689,816.2,0.153799770110611,924.7,0.164023698027529,879.7,0.172754408703507,1028.5,0.182461680386035,1011.5,0.184694883686959,1208.1,0.197595682041217,1229.4,0.209802382333868,1229.8,0.223624395388588,1106.6,0.192767306553322,1502.4,0.20193819809406,1452.4,0.213415619719345,1535.6,0.227833827893175,1600.1,0.236246862542448,1883.7,0.235465443318042,1741.3,0.222954891742743,1911.9,0.294682490752158,1850.4,0.266562945676131,1936.2,0.265167492946945,1977.1,0.284066091954023,1812.5,0.218055605683281,1673.6,0.176194386541174,1669.3,0.178469861226934,1456.3,0.166092609489051,1245.6,0.110203756624523,1224,0.100607012078595,1105,0.0794398234351074
    Zepbound (Tirzepatide - Obesity),,—,,—,,—,,—,,—,,—,,—,,—,,—,,—,,—,,—,,—,,—,,—,,—,,—,,—,,—,,—,,—,,—,,—,,—,,—,,—,,—,,—,,—,,—,,—,,7.5,0.00102714399189241,—,,—,,—,,175.8,0.0187953043812945,517.4,0.0590100364963504,1243.2,0.109991417979775,,,,
    Jardiance,,19.3,0.00415527375287963,11.1,0.00222949766003173,15.4,0.00310502651370043,14.6,0.00271597589106332,38.2,0.00785184271649093,40.1,0.00741933096506809,47.5,0.00914921894562475,76.1,0.0132104294691525,74,0.0141537402214869,103.2,0.017718867503391,127.1,0.022463768115942,143.2,0.0232441118704043,151,0.0304196297266262,147.2,0.026356783469713,166.9,0.0314496221899791,193.2,0.034269902085994,203.6,0.0399827186677664,231.9,0.0411403633267102,240.7,0.0439506263009897,268,0.0438338240104678,267.5,0.0456500221850575,262,0.0476415608975525,310.8,0.0541406821586594,313.6,0.0421511041815078,312,0.0458452722063037,356.5,0.052893175074184,390.4,0.0576406319208623,431.9,0.0539881748521856,419.4,0.0536996965467792,461,0.0710542540073983,573.3,0.0825878387138597,612.3,0.0838560354980964,577.5,0.0829741379310345,668.3,0.080400861394834,700.8,0.0737792937906639,798.1,0.0853272606752625,686.5,0.0782960766423358,769.6,0.068089925416051,821,0.0674823177422603,871,0.0626172725900258
    Humalog,,684,0.147264624195319,654.3,0.131419848554844,705,0.142145694296026,798.6,0.148560160726245,606.3,0.124622309921687,701.9,0.12986604499704,640.8,0.12342777895487,819.8,0.142311564767559,708.4,0.135493372606775,678.4,0.116477516611438,696.2,0.123047013078826,782.2,0.126966091515575,791.7,0.159491528838212,769.8,0.137835950509409,664.6,0.125233186982984,770.4,0.136653895274585,730.8,0.143513609049134,677.6,0.120210048254329,648.9,0.118485921922361,763.4,0.124860974811907,695.8,0.118741253967712,555.1,0.100938284176456,656.9,0.114430547329547,718.1,0.0965201145176682,617,0.090661964587466,607.6,0.0901483679525223,626.7,0.0925291598996014,601.7,0.0752134401680021,618.2,0.0791539160830207,447.1,0.0689118372379778,447,0.0643934482907645,548.3,0.0750910734339478,460.9,0.0662212643678161,440.4,0.0529830006857473,395.4,0.0416271871644242,366.6,0.0391943036756687,538.7,0.0614393248175183,631.6,0.0558804533430065,,,,
    Humulin,,315.7,0.067969944237518,316.4,0.0635507260931568,316.8,0.0638748311389802,358.6,0.0667088325024184,356.4,0.0732564592711352,332.3,0.061482386027235,322,0.0620220736945509,355.3,0.0616776030274624,314.5,0.0601533959413194,357.8,0.0614322751231908,300.5,0.0531106398020502,362.6,0.0588569480740825,325.9,0.0656540220391225,346,0.0619527654926677,322.1,0.0606945674499237,337.4,0.0598481623385838,297.7,0.0584619614312085,322.6,0.0572310530797616,321.8,0.0587590841032758,348,0.056918547595682,315.7,0.053875558892795,313.6,0.0570244026621086,305.9,0.0532871128453472,324.4,0.043602736595922,321.7,0.0472705899639997,315.3,0.0467804154302671,286.7,0.0423298390668832,298.8,0.037350466880836,273.2,0.0349803459622796,274,0.0422318125770654,238.2,0.0343143610354812,234,0.0320468925470432,252,0.0362068965517241,205.3,0.0246989328809807,206.7,0.0217611016360306,188.1,0.0201103342100199,206.2,0.0235173357664234,223.6,0.0197828837357446,200,0.0164390542612084,202,0.0145220310713952
    Basaglar,,—,,—,,3.8,0.000766175373510495,7.3,0.00135798794553166,10.9,0.00224044726727097,16.3,0.00301583777383067,19.4,0.00373673363252884,39.5,0.00685692462590702,46,0.00879827094849186,86.6,0.0148687395910238,145.7,0.025751148815836,153.8,0.0249646955703086,166,0.0334414472491388,201.8,0.0361331447295386,201.2,0.0379129058395674,232.1,0.0411700014190436,251.4,0.0493696241310239,290.7,0.051571813795061,263.2,0.0480590147171603,307.2,0.0502453385672228,303.7,0.0518277074302877,290.4,0.0528057606284322,248.2,0.0432358986865484,282.1,0.0379171763061332,246.6,0.0362353978399824,210.7,0.0312611275964392,192.8,0.0284659678133766,242.4,0.0303003787547344,191.5,0.0245195324003534,174.1,0.0268341553637485,194,0.0279470446720544,201.7,0.0276233257552932,209.3,0.0300718390804598,154.2,0.0185512686324756,179.6,0.0189080496073105,185.2,0.0198002865268245,157.6,0.0179744525547445,180.8,0.0159961779043945,176,0.0144663677498634,183,0.0131560974557689
    Trajenta,,82.3,0.017719120718238,80,0.0160684516038323,92.7,0.0186906466116902,101.7,0.0189188183644616,94.4,0.0194035066082917,121,0.0223875074008289,115.4,0.0222277866594757,105.8,0.0183661424157206,113,0.02161314385173,141.9,0.0243634428171626,153.3,0.0270943796394486,129.7,0.021052802441281,141.1,0.028425230161768,141.7,0.0253719851743093,135.7,0.0255704837098871,156.2,0.0277068255995459,131.9,0.0259023604728801,153.9,0.0273027249503264,155.5,0.0283935288317569,149.2,0.0244030094864246,93.2,0.0159049796921397,76.8,0.0139651598356184,91.7,0.0159739400062711,96.8,0.0130109275662307,94.6,0.0139005216369113,89.2,0.0132344213649852,96.1,0.0141886903883065,92.6,0.0115751446893086,92,0.0117796186988643,97.1,0.0149660912453761,103.8,0.0149531094688621,90.8,0.0124352899285108,85.8,0.0123275862068966,103.6,0.0124637576545037,95.2,0.0100225296359463,102.2,0.0109265080077833,88.9,0.0101391423357664,76.6,0.00677714174489281,,,,
    Other Diabetes,,1.9,0.000409068400542554,2,0.000401711290095808,3,0.000604875294876706,8.6,0.00159982141528388,21.9,0.004501449096627,7.5,0.00138765541740675,6.8,0.00130978292274207,6.6,0.00114571398812624,8.1,0.00154926075397357,6.9,0.00118469172261044,7.3,0.00129020855425946,160.7,0.026084698167416,30.5,0.0061443622957755,29.3,0.00524628910096868,28.2,0.00531383670316004,21.3,0.00377820349084717,25.5,0.0050076587722399,57.1,0.0101298609139938,21.2,0.00387101486323631,21.3,0.0034838076545633,17.8,0.00303764633605243,15,0.00272757028039423,17.2,0.00299620248754486,20,0.00268820817484106,20.6,0.00302696348541621,25.4,0.00376854599406528,39,0.00575815738963532,36.6,0.00457505718821485,16.5,0.00211264900577457,20.1,0.0030980271270037,16.5,0.00237693936643762,27.8,0.00380728039661453,27.8,0.00399425287356322,33,0.00397011585519905,46.7,0.00491651401259133,35.9,0.00383817649197083,34.9,0.00398038321167883,52.9,0.00468029762800039,,,,
    Baqsimi,,—,,—,,—,,—,,—,,—,,—,,—,,—,,—,,—,,—,,—,,—,,—,,—,,0,,—,,6.2,0.0011320892524559,16.1,0.00263330062152437,17.8,0.00303764633605243,13.6,0.0024729970542241,20.9,0.00364073441800509,23.8,0.00319896772806086,24.4,0.00358533539049298,25.9,0.00384272997032641,31.9,0.00470987745459914,31,0.00387504843810548,29.2,0.00373874854355258,29,0.00446979038224414,43,0.00619444804586773,38.1,0.00521789147881344,31.4,0.00451149425287356,613.9,0.0738561855608089,13.1,0.00137915061166909,19.1,0.00204203818932153,—,,—,,,,,
    Actos,,8.5,0.00183004284453248,6.9,0.00138590395083054,6.7,0.00135088815855798,—,,—,,—,,—,,—,,—,,—,,—,,—,,—,,—,,—,,—,,—,,—,,—,,—,,—,,—,,—,,—,,—,,—,,—,,—,,—,,—,,—,,—,,—,,—,,—,,—,,—,,—,,,,,
    Glucagon,,26.4,0.0056838977759597,26.2,0.00526241790025509,43.6,0.00879085428554146,24.3,0.00452042562690676,30.3,0.0062280323117716,30.6,0.00566163410301954,45.8,0.00882177321493923,26.3,0.00456549664965455,33.2,0.00635005642369413,32.3,0.00554573081743729,46.5,0.00821845174973489,30.2,0.00490204035255734,35.4,0.0071314893531296,32.4,0.0058013572311053,46.9,0.00883755111270233,34.4,0.00610188732794097,32.4,0.0063626723223754,—,,43.3,0.00790636526311945,23.2,0.00379456983971214,28,0.00477832007918359,22.7,0.00412772302432993,24.8,0.00432010591227398,22.3,0.00299735211494778,21.8,0.00320329145544045,9.3,0.00137982195845697,10.4,0.00153550863723608,8.8,0.00110001375017188,—,,7.7,0.00118680641183724,—,,—,,—,,—,,—,,—,,—,,—,,,,,
    Axiron,,39.1,0.0084181970848494,32.4,0.00650772289955209,41.4,0.00834727906929855,41.6,0.00773867103207084,37,0.00760518797147027,29.3,0.00542110716400237,39,0.00751199029219716,39.9,0.00692636183730861,27.3,0.00522158254117017,36.8,0.00631835585392236,7.9,0.00139625309296571,—,,—,,—,,—,,—,,—,,—,,—,,—,,—,,—,,—,,—,,—,,—,,—,,—,,—,,—,,—,,—,,—,,—,,—,,—,,—,,—,,,,,
    Evista,,66.8,0.0143819837664435,59.7,0.0119910820093599,58,0.0116942557009497,52.8,0.00982215938685914,33.4,0.00686522373640829,37.8,0.00699378330373002,31.6,0.00608663828803667,69.6,0.0120820747838767,26.4,0.00504944245739533,26.8,0.00460141132839998,25.7,0.00454224107458466,28.7,0.00465856152709919,—,,—,,—,,—,,—,,—,,—,,—,,—,,—,,—,,—,,—,,—,,—,,—,,—,,—,,—,,—,,—,,—,,—,,—,,—,,—,,,,,
  Oncology,,759,0.163412061058841,922.6,0.185309418121196,861.3,0.173659697159102,966.9,0.179868293771858,894.5,0.183860557850815,970.5,0.179562611012433,947.3,0.182464318046112,909.6,0.157900218727216,887,0.169653615898093,955.8,0.164105557749429,957.6,0.169247083775186,1011.4,0.164169656045579,956.6,0.1927113761357,1110.1,0.198768106859568,1064,0.200493696885187,1129.7,0.200386689371364,1012.7,0.198872785829308,1197.2,0.21239000851547,1147.4,0.20950954972063,1257,0.205593719332679,1201.5,0.205041127683539,1268.6,0.230679710513874,1333.4,0.232275371912344,1515.8,0.203739297571204,1372.2,0.201631033722724,1554,0.230563798219585,1406.1,0.207603720655544,1408.9,0.176114701433768,1353,0.173237218473515,1368.8,0.210974106041924,1293.3,0.186308829249319,1651.1,0.226122326001808,1356.1,0.194841954022988,1671,0.201032230122352,1747.1,0.183932368980692,1884.2,0.201445463681656,1810.2,0.206455291970803,2158.8,0.190998610951366,,,,
    Verzenio,,—,,—,,—,,—,,—,,—,,—,,—,,—,,0,,—,,21,0.00340870355641404,29.7,0.00598319869457483,57.7,0.0103314293899622,84.5,0.0159226667169157,83.1,0.0147403150276713,109.4,0.0214838380267861,133.9,0.0237546125461255,157.2,0.0287039404009787,179.1,0.0292934249263984,188,0.032083006245947,208.6,0.037931410699349,234.4,0.0408319687837508,281.6,0.0378499711017621,269,0.0395268532804349,341.3,0.0506379821958457,335.5,0.049534918056991,404.1,0.0505131314141427,469.4,0.0601016632309445,588.5,0.0907059186189889,617.7,0.0889839664635464,808,0.110657646059876,750.9,0.107887931034483,926.8,0.11150010226056,1040.2,0.109510875286884,1145.4,0.122458143562769,1050.3,0.119787864963504,1331.9,0.117839100391942,1388,0.114087036572786,1464,0.105248779646151
    Cyramza,,67.5,0.0145326931771697,87.7,0.0176150400707012,111.2,0.0224207109300966,117.5,0.0218580251506809,131,0.0269264763314218,147,0.0271980461811723,159,0.0306258065758807,177.1,0.030743325348054,171.2,0.0327448692691697,186.3,0.0319866765104819,196,0.0346412159773772,204.8,0.0332429756358855,183.6,0.0369870464755535,218.8,0.0391770667335136,198.4,0.0373852908477642,220.6,0.0391301262948772,198.3,0.038941911158242,241.8,0.0428966789667897,240,0.0438228097724866,245.1,0.0400883218842002,239,0.0407863749616028,256.7,0.0466778193984798,252.7,0.0440197888722433,284.2,0.0381994381644915,240.5,0.0353390639923591,268.7,0.03986646884273,253.4,0.0374132585265023,270.4,0.0338004225052813,230.3,0.0294874585472657,231.3,0.0356504315659679,232.1,0.0334356137545558,277.8,0.0380454134596949,236.8,0.0340229885057471,260.3,0.0313157926396458,224.1,0.0235929505400796,253.6,0.0271131353304681,229.9,0.0262203467153285,248.9,0.022021286949136,230.5,0.0189460100360426,248,0.0178290282460693
    Erbitux,,—,,—,,—,,176.2,0.0327777364387231,168.1,0.0345522188649771,180.6,0.0334147424511545,184.6,0.0355567540497332,153.7,0.026681248481061,154.4,0.0295315877053727,159.1,0.0273165874010611,163.5,0.0288971367974549,168.9,0.0274157157465872,149.6,0.0301375934245251,166.4,0.0297946247918495,159.5,0.0300552111402137,159.8,0.0283453952036328,118.4,0.0232512470052237,159.3,0.0282607152994607,128.6,0.0234817222364241,137,0.0224075891396794,130.8,0.0223215809413291,129.5,0.0235480234207368,136.4,0.0237605825175069,139.6,0.0187636930603906,122.4,0.017985452942473,147,0.0218100890207715,134.3,0.0198287317289237,144.6,0.0180752259403243,122.7,0.0157104262429418,140.8,0.0217016029593095,144.9,0.0208738493452613,158.2,0.0216658906023172,129.9,0.0186637931034483,162.5,0.0195498129233286,153.9,0.0162023877202956,150.2,0.0160583317296384,144.6,0.0164917883211679,155.8,0.0137843170215966,157.5,0.0129457552307016,145,0.0104242302245164
    Tyvyt,,—,,—,,—,,—,,—,,—,,—,,—,,—,,—,,—,,—,,—,,—,,—,,—,,9.9,0.00194414987628137,40.1,0.00711396537042294,46.6,0.00850892889749114,37.4,0.00611710827608767,57.4,0.00979555616232636,64.1,0.011655816998218,84.4,0.014702295927255,102.8,0.013817390018683,109.7,0.0161193152597164,105,0.0155786350148368,125.6,0.0185442196958512,77.8,0.00972512156401955,85.5,0.0109473630299228,73.6,0.01134401972873,76.8,0.0110635723237824,57.5,0.00787477060450848,61,0.00876436781609195,103.6,0.0124637576545037,115.1,0.0121175752216116,113.6,0.0121453161417239,116.7,0.0133097627737226,123,0.0108823555433657,,,,
    Jaypirca (Pirtobrutinib),,—,,—,,—,,—,,—,,—,,—,,—,,—,,—,,—,,—,,—,,—,,—,,—,,—,,—,,—,,—,,—,,—,,—,,—,,—,,—,,—,,—,,—,,—,,—,,—,,5.1,0.000732758620689655,14.4,0.00173241419135958,22.7,0.00238982586907544,32.8,0.00350674620993436,50,0.00570255474452555,92.4,0.0081750378228211,,,,
    Retevmo,,—,,—,,—,,—,,—,,—,,—,,—,,—,,—,,—,,—,,—,,—,,—,,—,,—,,—,,—,,—,,—,,6.3,0.00114557951776557,11.6,0.00202069470090234,18.7,0.00251347464347639,16.8,0.00246859158033943,25.7,0.00381305637982196,33.6,0.00496087405876274,38.6,0.00482506031325392,41.8,0.00535204414796225,45,0.00693588162762022,40.5,0.0058343057176196,64.6,0.00884713358349996,51.4,0.00738505747126437,65.4,0.00786804778575811,63.4,0.0066746678457878,73.4,0.00784741377467017,69.2,0.00789233576642336,91.2,0.0080688685004468,,,,
    Other Oncology,,0.1,2.15299158180292e-05,-0.1,-2.00855645047904e-05,0,,0.6,0.000111615447577945,0,,-0.1,-1.850207223209e-05,-0.1,-1.92615135697363e-05,0,,0,,0,,0,,0,,29.6,0.00596305324442475,31.4,0.00562230299557736,24.4,0.00459778778571294,25.8,0.00457641549595573,77.5,0.0152193550921016,44.3,0.00785906897530514,66.8,0.0121973487200088,127.7,0.0208864900228983,26.2,0.0044711423598075,64.3,0.0116921846019566,35.9,0.00625370170365467,36.2,0.00486565679646232,54.8,0.00805231063110719,55.7,0.00826409495548962,66.7,0.00984792558688912,38.5,0.00481256015700196,31.8,0.00407165081112918,40.3,0.006211467324291,38.2,0.00550297477563133,30.4,0.00416335698047057,34.4,0.00494252873563218,51.5,0.00619578686493185,47.6,0.00501126481797317,47.3,0.00505698462591143,49.1,0.00559990875912409,53,0.00468914507153158,,,,
    Alimta,,573,0.123366417637307,664.3,0.133428405005323,628.5,0.12672137427667,627.2,0.116675347868145,564.2,0.115968839283879,607,0.112307578448786,570.4,0.109867673401776,541.6,0.094017984237753,489.9,0.0937015856014383,532.9,0.0914959737650876,514.5,0.0909331919406151,525.2,0.0852500527537455,499.6,0.100646668949818,555.9,0.0995362495299826,520.3,0.0980421715125591,556.9,0.0987831701433234,499.2,0.0980322846706728,577.8,0.102504967357366,508.2,0.0927947996932403,530.7,0.0868007850834151,560.1,0.095583467012526,539.1,0.0980288758773685,578,0.100686339407031,652.7,0.087729673785938,559,0.0821394460362942,610.6,0.090593471810089,457,0.0674737930016241,434.9,0.0543631795397442,343.9,0.0440327268536894,227.7,0.0350955610357583,119.4,0.0172003975971304,236.6,0.0324029691308992,58.2,0.00836206896551724,60.9,0.00732666835095824,53.5,0.0056324089865875,44.9,0.00480039343981868,69.5,0.00792655109489051,33.9,0.00299928335707397,29.5,0.00242476050352823,31,0.00222862853075867
    Elunate,,—,,—,,—,,—,,—,,—,,—,,—,,—,,—,,—,,—,,—,,—,,—,,—,,—,,—,,—,,—,,—,,—,,—,,—,,—,,—,,—,,—,,27.6,0.00353388560965929,21.6,0.00332922318125771,23.7,0.00341414927179221,18,0.00246514558054178,28.4,0.00408045977011494,25.6,0.00307984745130593,26.6,0.00280041269239677,23,0.00245899886672226,30.9,0.00352417883211679,28.7,0.00253921629345201,,,,
    Erbitux Royalty,,74.4,0.0160182573686137,123.6,0.0248257577279209,88.2,0.0177833336693752,—,,—,,—,,—,,—,,—,,—,,—,,—,,—,,—,,—,,—,,—,,—,,—,,—,,—,,—,,—,,—,,—,,—,,—,,—,,—,,—,,—,,—,,—,,—,,—,,—,,—,,—,,,,,
    Erbitux Mfg,,13.8,0.00297112838288802,11,0.00220941209552694,-2.3,-0.000463737726072141,—,,—,,—,,—,,—,,—,,—,,—,,—,,—,,—,,—,,—,,—,,—,,—,,—,,—,,—,,—,,—,,—,,—,,—,,—,,—,,—,,—,,—,,—,,—,,—,,—,,—,,—,,,,,
    Human Pharmaceutical - Oncology - Lartruvo,,—,,—,,—,,—,,—,,—,,—,,11.9,0.00206575703919731,42.1,0.00805233058546755,47.4,0.00813831705097608,54.5,0.00963237893248498,59,0.00957683380135374,64.4,0.0129736698966538,79.9,0.0143064334186825,76.9,0.0144905688820215,83.5,0.0148112672059032,—,,—,,0,,—,,—,,—,,—,,—,,—,,—,,—,,—,,—,,—,,—,,—,,—,,—,,—,,—,,—,,—,,,,,
    Portrazza,,—,,—,,—,,—,,1.7,0.000349427555445931,4,0.0007400828892836,5.3,0.00102086021919602,3.8,0.000659653508315106,3.6,0.000688560335099363,2.3,0.000394897240870147,2.3,0.00040650406504065,—,,—,,—,,—,,—,,—,,—,,—,,—,,—,,—,,—,,—,,—,,—,,—,,—,,—,,—,,—,,—,,—,,—,,—,,—,,—,,—,,,,,
    Gemzar,,30.2,0.0065020345770448,36,0.00723080322172455,35.7,0.00719801600903281,45.5,0.00846417144132748,29.5,0.00606359581509116,32,0.0059206631142688,28.1,0.0054124853130959,21.5,0.00373225011283547,25.8,0.00493468240154544,27.8,0.00477310578095222,26.9,0.00475433015199717,—,,—,,—,,—,,—,,—,,—,,—,,—,,—,,—,,—,,—,,—,,—,,—,,—,,—,,—,,—,,—,,—,,—,,—,,—,,—,,—,,,,,
  Immunology,,—,,—,,—,,—,,—,,19.3,0.00357089994079337,32.5,0.0062599919101643,61.3,0.0106412526472937,98.5,0.0188397758353576,143.5,0.0246381539412462,167.6,0.0296217744786143,195.5,0.031733406918045,178.7,0.0359999194181994,264.7,0.0473956561442461,319.5,0.0602046392432493,377.1,0.0668901660280971,334.7,0.0657279761203409,456.2,0.080932443939824,454.6,0.0830077055107183,547.9,0.0896140006542362,585.8,0.0999692822280624,548.3,0.0997017856493436,627.1,0.109239452322057,700.7,0.0941813734055565,613.9,0.0902064506649034,785.4,0.116528189910979,1004.9,0.148368522072937,956.6,0.119576494706184,748.1,0.0957862255284823,796.4,0.122749691738594,866.4,0.12481092527767,933.6,0.127858884110767,777.8,0.111752873563218,928.5,0.111704623380373,986.9,0.103899522034826,1104.3,0.11806401950093,834,0.0951186131386861,1082.3,0.0957558813380874,,,,
    Taltz,,—,,—,,—,,—,,—,,19.3,0.00357089994079337,32.5,0.0062599919101643,61.3,0.0106412526472937,96.6,0.0184763689918329,138.7,0.0238140205689954,151.4,0.0267585719335454,172.5,0.0280000649276868,146.5,0.0295130844698725,220.1,0.0394098372396999,263.9,0.0497277129774445,307,0.0544557967929615,252.5,0.0495856407839441,353.8,0.0627661084303151,340,0.062082313844356,420.1,0.0687111547268564,443.5,0.0756851769684972,395.2,0.0718623849874532,454.5,0.0791729087551824,495.3,0.0665734754499388,403.2,0.0592461979281464,569.1,0.0844362017804155,593.1,0.0875682858408386,647.4,0.0809260115751447,488.1,0.0624959987708224,606.2,0.0934340320591862,679.9,0.0979443075903597,707.8,0.096935002328193,527,0.0757183908045977,703.9,0.0846837742568064,744.2,0.0783483881835218,784.6,0.0838839352534907,604.1,0.0688982664233577,824.7,0.0729648668017377,805.5,0.0662082910370166,822,0.0590946016865686
    Olumiant,,—,,—,,—,,—,,—,,—,,—,,—,,1.9,0.000363406843524664,4.8,0.000824133372250742,16.2,0.00286320254506893,23,0.00373334199035824,32.2,0.00648683494832692,44.7,0.00800372432809898,55.6,0.0104769262658049,70.1,0.0124343692351355,82.1,0.0161226974588586,102.4,0.0181663355095089,114.6,0.0209253916663623,127.8,0.0209028459273798,139.7,0.0238404041093553,145,0.0263665127104775,162,0.0282200466850155,192.2,0.0258336805602226,193.8,0.0284769671589156,208.4,0.030919881305638,406.9,0.0600767754318618,306,0.0382504781309766,255.6,0.0327268536894534,186.2,0.0286991368680641,182.9,0.0263480127346327,205.8,0.0281848311375277,228.9,0.0328879310344828,218.9,0.026335101839487,231.4,0.024361484850399,243.5,0.0260333140889944,217.4,0.0247947080291971,227.7,0.0201456289205234,240,0.01972686511345,227,0.0163193121445877
    Omvoh (Mirikizumab),,—,,—,,—,,—,,—,,—,,—,,—,,—,,—,,—,,—,,—,,—,,—,,—,,—,,—,,—,,—,,—,,—,,—,,—,,—,,—,,—,,—,,—,,—,,—,,20,0.00273905064504643,22,0.00316091954022989,5.7,0.000685747284079836,7.8,0.000821173646642663,8.6,0.000919451750165715,9.4,0.0010720802919708,25.6,0.00226494554398507,,,,
    Ebglyss (Lebrikizumab),,—,,—,,—,,—,,—,,—,,—,,—,,—,,—,,—,,—,,—,,—,,—,,—,,—,,—,,—,,—,,—,,—,,—,,—,,—,,—,,—,,—,,—,,—,,—,,—,,—,,—,,—,,67.6,0.00722731840827934,3.1,0.000353558394160584,4.3,0.000380440071841242,,,,
    Qbrexza,,—,,—,,—,,—,,—,,—,,—,,—,,—,,—,,—,,—,,—,,—,,—,,—,,0.1,1.96378775381957e-05,—,,—,,—,,2.1,0.000358374005938769,—,,6.1,0.00106260669616416,6.7,0.000900549738571755,10.5,0.00154286973771214,4.7,0.0006973293768546,0,,0,,—,,—,,—,,—,,—,,—,,—,,—,,—,,—,,,,,
    Other Immunology,,—,,—,,—,,—,,—,,—,,—,,—,,—,,—,,—,,—,,—,,—,,—,,—,,—,,0,,—,,0,,0.5,8.53271442711355e-05,3.1,0.00056369785794814,4.5,0.000783890185694875,6.5,0.000873667656823344,6.4,0.000940415840129307,3.2,0.000474777448071217,4.9,0.000723460800236232,3.2,0.000400005000062501,4.4,0.000563373068206553,4,0.00061652281134402,3.6,0.000518604952677298,—,,—,,—,,3.5,0.000368475354262733,—,,—,,—,,,,,
  Neuroscience,,725.3,0.156156479428165,763.9,0.153433627252094,724.5,0.146077383712725,721.8,0.134273383436268,643.7,0.132309716141498,717.7,0.13278937240971,708.5,0.136467823641582,650.4,0.112904905738986,579.3,0.110800833923073,586.7,0.100733135312398,507.7,0.0897313538352775,497.3,0.080721346600224,472.7,0.0952275428594452,471,0.0843345449336604,427.4,0.080536659820234,449.8,0.0797857244217397,393.1,0.0771964966026472,452.7,0.0803115242690889,426.7,0.0779133038746668,450.3,0.0736506378802748,463.5,0.0790982627393426,422.5,0.0768265628977707,470.7,0.0819949134236839,474.6,0.0637911799889783,465.4,0.0683858643744031,512.2,0.0759940652818991,450.2,0.0664698065849697,470.6,0.0588257353216915,397.8,0.0509340469392197,390,0.0601109741060419,350.8,0.0505351714997767,385.3,0.0527678106768194,360.4,0.0517816091954023,387.2,0.0465826927010022,1768.1,0.186143221106268,362.8,0.0387880342976885,389.1,0.0443772810218978,339.3,0.0300193759013333,,,,
    Emgality,,—,,—,,—,,—,,—,,—,,—,,—,,—,,—,,—,,—,,—,,—,,0,,5,0.000886902227898396,14.2,0.00278857861042379,34.3,0.00608501277320466,47.7,0.00870978344228171,66.3,0.0108439646712463,74,0.0126284173521281,87.4,0.0158926428337637,91.5,0.0159391004424625,109.9,0.0147717039207516,119.5,0.0175593270149144,156.3,0.0231899109792285,140,0.0206703085781781,161.5,0.0201877523469043,149.3,0.0191162725189178,157.5,0.0242755856966708,168.5,0.0242735929239235,207,0.0283491741762305,154.3,0.0221695402298851,169.3,0.0203678974025818,168.5,0.0177394563409345,186.1,0.0198965082216093,225.7,0.0257413321167883,192,0.016987091579888,,,,
    Other Neuroscience,,6.4,0.00137791461235387,4.2,0.000843593709201197,5.3,0.00106861302094885,6.7,0.00124637249795372,5.7,0.00117161003884812,7.2,0.00133214920071048,8,0.0015409210855789,7.4,0.00128458841092942,11.3,0.002161314385173,11.5,0.00197448620435074,11.5,0.00203252032520325,12.4,0.00201275829045401,6.9,0.00139003606035577,7.2,0.00128919049580118,6.2,0.00116829033899263,6.2,0.00109975876259401,41.4,0.00813008130081301,126.9,0.0225127732046551,42.9,0.00783332724683198,43.9,0.00718024206738633,41.1,0.00701389125908734,33.2,0.00603702222060589,43.2,0.0075253457826708,35.6,0.00478501055121709,32.4,0.00476085519065462,35,0.00519287833827893,36,0.00531522220581722,31.4,0.00392504906311329,68,0.00870667469046491,30.8,0.00474722564734895,30.1,0.00433611363210741,29.6,0.00405379495466871,53.1,0.00762931034482759,58.8,0.0070740246147183,47.9,0.00504284841976712,67.6,0.00722731840827934,100.5,0.0114621350364964,90.8,0.00803347872632203,,,,
    Cymbalta,,287,0.0617908583977437,274.1,0.0550545323076305,242.9,0.048974736375184,223.6,0.0415953567973808,198.7,0.0408419148630038,236.5,0.0437574008288928,313.5,0.0603848450411233,181.8,0.0315592125820227,174.6,0.0333951762523191,206.6,0.0354720738972924,183.2,0.032378932484977,192.8,0.0312951450322204,169.6,0.0341666834545418,181.9,0.0325699654425325,172,0.0324106352107634,184.5,0.0327266922094508,164.1,0.0322257570401791,187.2,0.033210332103321,178.6,0.0326114742723588,195.5,0.0319757932613674,210.4,0.0359056623092938,179.9,0.0327126595628614,186.6,0.0325053130334808,190.8,0.0256455059879837,176.6,0.0259495995885681,175.6,0.026053412462908,132,0.0194891480879965,97.2,0.0121501518768985,81.1,0.0103839899617162,75.5,0.0116368680641184,62.7,0.00903236959246294,64,0.00876496206414857,60.2,0.00864942528735632,64.1,0.00771164928237148,61,0.00642199903143621,57.3,0.00612611456796459,54.4,0.0062043795620438,49.8,0.00440602687853345,52.5,0.00431525174356719,50,0.00359456214638495
    Reyvow,,—,,—,,—,,—,,—,,—,,—,,—,,—,,—,,—,,—,,—,,—,,—,,—,,0,,—,,—,,1.3,0.000212626758259732,1.4,0.000238916003959179,2.9,0.00052733025420955,4,0.000696791276173222,4.4,0.000591405798465033,2.5,0.000367349937550511,9.4,0.0013946587537092,5.3,0.000782518824745312,6.9,0.000862510781384767,6.3,0.000806647802204837,10,0.00154130702836005,8.1,0.00116686114352392,9.5,0.00130104905639705,10.1,0.00145114942528736,8.1,0.000974482982639766,9.3,0.000979091655612406,8,0.000855303953642526,8.5,0.000969434306569343,6.7,0.000592778716589841,,,,
    Amyvid,,1.4,0.000301418821452408,1.4,0.000281197903067066,1.6,0.000322600157267577,—,,—,,—,,—,,—,,—,,—,,—,,—,,—,,—,,—,,—,,—,,—,,—,,—,,—,,—,,—,,—,,—,,—,,—,,—,,—,,—,,—,,—,,—,,—,,—,,—,,—,,—,,,,,
    Zyprexa,,219.5,0.047258165220574,253.7,0.0509570771486533,237.9,0.0479666108837228,229.1,0.0426184984001786,212.8,0.0437401081169966,210.7,0.0389838661930136,148.9,0.0286803937053374,153,0.0265597333611082,147.5,0.0282118470630989,140.8,0.0241745789193551,140.6,0.0248497702368328,152.2,0.0247049848231532,122.6,0.0246983218840025,128,0.0229189421475765,109.9,0.0207088884282726,110.8,0.0196537533702285,107.2,0.0210518047209458,104.3,0.018503406187908,105.4,0.0192455172917504,101.7,0.0166339548577036,98.4,0.0167923819925595,96.6,0.0175655526057388,112.7,0.0196320942061805,98.8,0.0132797483837148,95.8,0.0140768496069356,95.4,0.0141543026706231,101.7,0.0150155027314336,137.5,0.0171877148464356,93.1,0.0119204619659159,87.3,0.0134556103575832,81.4,0.0117262342077589,75.2,0.0102988304253746,82.7,0.011882183908046,86.9,0.0104546384186908,1481.4,0.155959825658518,43.8,0.00468278914619283,—,,—,,,,,
    Strattera,,173.7,0.0373974637759166,191.8,0.038524112720188,196.9,0.0396999818537412,221.6,0.0412233053054543,188.1,0.038663131281988,224.6,0.0415556542332741,198.8,0.0382918889766358,243.2,0.0422178245321668,196.2,0.0375265382629153,186.6,0.0320381848462476,137.1,0.0242311770943796,98.3,0.0159559790283572,130.7,0.0263301033461593,114.2,0.0204479936972909,98.7,0.0185984284610601,107.2,0.0190151837661416,66.2,0.0130002749302855,—,,52.1,0.00951320162144396,41.6,0.00680405626431142,38.2,0.00651899382231476,22.5,0.00409135542059134,32.7,0.00569626868271609,35.1,0.00471780534684606,38.6,0.00567188303577988,40.5,0.00600890207715134,35.2,0.00519710615679906,36.1,0.00451255640695509,—,,28.9,0.00445437731196054,—,,—,,—,,—,,—,,—,,—,,—,,,,,
    Prozac,,37.2,0.00800912868430684,38.7,0.00777311346335389,39.9,0.00804484142186019,38.8,0.00721779894337376,38.4,0.00789295184066103,38.8,0.00717880402605092,39.4,0.00758903634647611,65,0.0112835468527584,49.8,0.00952508463554119,41.2,0.00707381144515221,35.3,0.00623895369388476,41.6,0.00675247942603925,43,0.00866254356453595,39.7,0.00710845315045928,40.6,0.0076504173811453,36.1,0.00640343408542642,—,,—,,0,,—,,—,,—,,—,,—,,—,,—,,—,,—,,—,,—,,—,,—,,—,,—,,—,,—,,—,,—,,,,,
  Other Pharmaceutical,,69.1,0.0148771718302581,50.3,0.0101030389459096,48.8,0.00983930479666109,59.3,0.0110313267356202,61.4,0.0126205011202236,51.8,0.00958407341622262,47.9,0.00922626499990369,39.3,0.00682220602020623,73.8,0.0141154868695369,49.6,0.00851604484659101,61.1,0.0107988688582538,56.7,0.00920349960231792,657.2,0.132395898386349,784.2,0.140414331501012,658.1,0.124008366466299,470.5,0.0834574996452391,798.7,0.156847727897569,768.4,0.136318478569401,735.6,0.134316911952671,754.3,0.123372587504089,640.1,0.109235810095908,481,0.0874640869913081,526.4,0.0916977319443961,1445.3,0.194263363754889,1242.9,0.182631694952612,712.9,0.105771513353116,637.7,0.0941532555736011,1536.3,0.192039900498756,1923,0.246219638673,494.8,0.0762638717632552,778.6,0.112162726709596,355.9,0.0487414062286012,275.3,0.0395545977011494,314.5,0.0378364071654576,276.1,0.0290674415176973,256.2,0.0273911091154019,241.7,0.0275661496350365,207.6,0.0183672927707539,,,,
    Cialis,,—,,—,,—,,—,,—,,—,,—,,—,,—,,—,,—,,—,,—,,—,,—,,350.7,0.0622073222647935,308.2,0.0605239385727191,—,,184.3,0.0336522660044553,—,,—,,—,,—,,—,,—,,—,,—,,—,,217.7,0.027874162942856,—,,115.7,0.0166673869513232,144.8,0.0198307266701361,100.3,0.0144109195402299,115.6,0.0139074361473033,86.8,0.00913818878571579,78.7,0.00841405264395835,139.3,0.0158873175182482,87.7,0.00775920797685509,78,0.00641123116187126,78,0.00560751694836052
    Forteo,,293,0.0630826533468254,328.4,0.0659609938337317,348.9,0.0703469967941609,371.9,0.0691829749237294,318.6,0.0654868348029845,367.6,0.0680136175251628,391.2,0.0753510410848084,422.5,0.0733430545429296,347.5,0.0664651990130635,446.7,0.0766959119550847,441.6,0.0780487804878049,513.2,0.0833022221500804,313.2,0.0630955498700618,434.5,0.0777990653368905,390.8,0.0736399781416646,437.2,0.0775507308074358,312.9,0.0614469188170143,360.8,0.0640079477717854,370.7,0.0676879815944199,360.2,0.0589139679424272,272.4,0.0464862281989146,252.7,0.045950467323708,266.9,0.0464933979026583,254.4,0.0341940079839783,198.5,0.0291675850415105,218.4,0.0324035608308605,200.9,0.0296618928096855,184,0.0230002875035938,137.4,0.0175926044480865,138.5,0.0213471023427867,177.1,0.0255124825330971,160,0.0219124051603714,122.3,0.0175718390804598,148,0.0178053680778624,146.4,0.0154127976754469,116.4,0.0124446725254988,61,0.00695711678832117,69.9,0.00618436302830297,67,0.0055070831775048,68,0.00488860451908353
    Other,,40.7,0.00876267573793787,30.1,0.00604575491594191,26.5,0.00534306510474424,40,0.00744102983852965,38.8,0.00797517008900125,27.4,0.00506956779159266,24.4,0.00469980931101566,24.9,0.00432246640974898,39.1,0.00747853030621808,32.2,0.00552856137218207,37.3,0.00659243548957229,43,0.00697972632980018,161.7,0.0325751928926852,245.5,0.0439578148221096,191,0.0359908797979988,119.8,0.0212501773804456,113.4,0.0222693531283139,207.4,0.036793925631564,119.2,0.0217653288536683,128.3,0.0209846254497874,86,0.0146762688146353,51.4,0.00934647416081754,46.3,0.00806535902170505,88,0.0118281159693007,42.6,0.0062596429358607,42.2,0.00626112759643917,38.6,0.00569909936512624,58.1,0.00726259078238478,56.4,0.00722141841973854,34.6,0.00533292231812577,64.5,0.00929167206880159,31.6,0.00432770001917335,20.6,0.00295977011494253,35.1,0.00422275959143899,18.1,0.00190554397490156,33.8,0.00361365920413967,22.3,0.00254333941605839,30.6,0.00270731772054465,,,,
    Humatrope,,71.2,0.0153293000624368,76.2,0.0153052001526503,77.4,0.015605782607819,87.4,0.0162586501971873,65.6,0.0134837927277959,72.7,0.0134510065127294,72.7,0.0140031203651983,93.4,0.0162135888622713,51.7,0.00988849147906586,93.8,0.0161049396493999,81.2,0.0143513609049134,103.2,0.0167513431915204,65.6,0.0132154152984548,72.4,0.012963526652223,65.3,0.0123047353445514,103.6,0.0183766141620548,64.2,0.0126075173795216,—,,61.4,0.0112113355001278,68,0.0111220150474321,88.7,0.0151370353936994,46.2,0.00840091646361421,50.7,0.00883182942549559,110.8,0.0148926732886195,64.9,0.00953640437881126,22.4,0.00332344213649852,50.2,0.00741178207588956,51.4,0.00642508031350392,41.7,0.00533924021459392,45.6,0.00702836004932183,34.7,0.00499877551608396,19.5,0.00267057437892027,32.1,0.00461206896551724,15.8,0.00190084334885288,24.8,0.00261091108163308,27.3,0.00291872474180512,19.1,0.00217837591240876,19.4,0.00171640404505118,19,0.00156171015481479,19,0.00136593361562628
    COVID-19 Antibodies,,—,,—,,—,,—,,—,,—,,—,,—,,—,,—,,—,,—,,—,,—,,—,,—,,—,,—,,—,,—,,—,,—,,—,,871.2,0.117098348096077,810.1,0.119036073763867,148.9,0.0220919881305638,217.1,0.0320537428023033,1063.1,0.132889161114514,1469.8,0.188192212647725,129.1,0.0198982737361282,386.6,0.0556924096402898,—,,—,,—,,—,,—,,—,,—,,,,,
    Vancocin (Other Pharmaceutical),,28.4,0.00611449609232028,20.3,0.00407736959447245,22.3,0.00449623969191685,19.3,0.00359029689709056,22.7,0.00466588559330743,24.3,0.00449600355239787,23.5,0.00452645568888803,14.4,0.00249973961045724,34.7,0.00663695656331886,17.4,0.00298748347440894,23.7,0.00418875927889714,—,,—,,—,,—,,—,,—,,—,,—,,—,,—,,—,,—,,—,,—,,—,,—,,—,,—,,—,,—,,—,,—,,—,,—,,—,,—,,—,,,,,
    Cialis,,538.3,0.115895536848451,567.9,0.114065920822705,566.1,0.114139968143234,638.4,0.118758836222933,576.7,0.118538159544511,630.5,0.116655565423327,588.2,0.113296222817189,676.3,0.117400965177238,533.6,0.102059943002506,627.3,0.107703930086019,564.8,0.0998232591021562,597.4,0.0969695002191309,495.5,0.0998207054936643,538.7,0.096456516678902,467.1,0.0880174866682998,—,,—,,200.2,0.0355166051660517,—,,197.8,0.0323519790644423,193,0.0329362776886583,130.7,0.0237662290431683,162.5,0.0283071455945372,120.9,0.0162502184169142,126.8,0.0186319888325619,281,0.0416913946587537,130.9,0.0193267385205965,179.7,0.0224627807847598,—,,147,0.0226572133168927,—,,—,,—,,—,,—,,—,,—,,—,,,,,
  Human Pharmaceutical,,3894.9,0.838568691196418,4137.9,0.831120573643722,4180.9,0.842974373450007,4563.9,0.849002902001637,4110.5,0.844895274506177,4545,0.84091918294849,4485.5,0.863975191170522,4922.9,0.85458112002222,4458.9,0.852839355048486,5039.5,0.865254193637004,4917.4,0.86910569105691,5369.8,0.871621731296768,—,,—,,—,,—,,—,,—,,—,,—,,—,,—,,—,,—,,—,,—,,—,,—,,—,,—,,—,,—,,—,,—,,—,,—,,—,,—,,,,,
    Cardiovascular,,715.2,0.153981957930545,763.2,0.15329302830056,759.9,0.15321491219227,829.7,0.154345561425701,754.2,0.155022507245483,827.3,0.153067643576081,773.5,0.14898780746191,870.5,0.15111273131271,697.2,0.133351184897577,812.4,0.139484573253438,662.9,0.117161541180629,698.7,0.113412436898404,—,,—,,—,,—,,—,,—,,—,,—,,—,,—,,—,,—,,—,,—,,—,,—,,—,,—,,—,,—,,—,,—,,—,,—,,—,,—,,,,,
      Other Cardiovascular,,14.5,0.00312183779361423,21,0.00421796854600599,17.6,0.00354860172994334,7.7,0.00143239824391696,8.2,0.00168547409097449,15,0.0027753108348135,14.4,0.00277365795404203,13,0.00225670937055168,9.9,0.00189354092152325,16.8,0.0028844668028776,16.3,0.00288087663485331,14.3,0.00232116480270099,—,,—,,—,,—,,—,,—,,—,,—,,—,,—,,—,,—,,—,,—,,—,,—,,—,,—,,—,,—,,—,,—,,—,,—,,—,,—,,,,,
      Adcirca,,18.8,0.00404762417378948,19.4,0.00389659951392934,20.5,0.00413331451499083,17.3,0.00321824540516408,20,0.00411091241701096,21.1,0.00390393724097099,22.2,0.00427605601248146,18.2,0.00315939311877235,21.1,0.00403572863072127,22.8,0.00391463351819103,25.3,0.00447154471544715,24.4,0.00396058889411917,—,,—,,—,,—,,—,,—,,—,,—,,—,,—,,—,,—,,—,,—,,—,,—,,—,,—,,—,,—,,—,,—,,—,,—,,—,,—,,,,,
      Reopro,,21.9,0.00471505156414838,26,0.00522224677124551,23.6,0.00475835231969676,26.1,0.0048552719696406,17.8,0.00365871205113975,25.6,0.00473653049141504,21,0.00404491784964462,22.1,0.00383640592993785,4.9,0.000937207122774133,2.6,0.000446405576635819,0.5,8.83704489218805e-05,—,,—,,—,,—,,—,,—,,—,,—,,—,,—,,—,,—,,—,,—,,—,,—,,—,,—,,—,,—,,—,,—,,—,,—,,—,,—,,—,,,,,
      Effient (Prasugrel),,121.8,0.0262234374663595,128.8,0.02587020708217,132.1,0.0266346754844043,140.2,0.0260808095840464,131.5,0.027029249141847,135.1,0.0249962995855536,127.7,0.0245969528285533,140.9,0.0244592577162101,127.8,0.0244438918960274,142.9,0.0245351372697148,55.9,0.00987981618946624,62.3,0.0101124872173617,—,,—,,—,,—,,—,,—,,—,,—,,—,,—,,—,,—,,—,,—,,—,,—,,—,,—,,—,,—,,—,,—,,—,,—,,—,,—,,,,,
  Animal Health,,749.8,0.161431308803583,840.8,0.168879426356278,778.8,0.157025626549993,811.7,0.150997097998363,754.6,0.155104725493823,859.8,0.15908081705151,706.2,0.136024808829478,837.7,0.14541887997778,769.4,0.147160644951514,784.8,0.134745806362996,740.6,0.130894308943089,790.9,0.128378268703232,—,,—,,—,,—,,—,,—,,—,,—,,—,,—,,—,,—,,—,,—,,—,,—,,—,,—,,—,,—,,—,,—,,—,,—,,—,,—,,,,,
    Companion,,225.4,0.0485284302538377,570.5,0.114588145499829,558.7,0.112647942415872,205.1,0.0381538804970608,232.1,0.0477071385994121,309.8,0.0573194197750148,186.9,0.0359997688618372,596.8,0.103600319411172,261.3,0.0499780043226288,311.8,0.0535343303057878,252.2,0.0445740544361965,—,,—,,—,,—,,—,,—,,—,,—,,—,,—,,—,,—,,—,,—,,—,,—,,—,,—,,—,,—,,—,,—,,—,,—,,—,,—,,—,,,,,
    Food and Other,,524.4,0.112902878549745,270.3,0.0542912808564485,220.1,0.044377684134121,606.6,0.112843217501302,522.5,0.107397586894411,550,0.101761397276495,519.3,0.100025039967641,240.9,0.0418185605666076,508.1,0.0971826406288851,473,0.0812114760572086,488.5,0.0863379285966773,—,,—,,—,,—,,—,,—,,—,,—,,—,,—,,—,,—,,—,,—,,—,,—,,—,,—,,—,,—,,—,,—,,—,,—,,—,,—,,—,,,,,
Net Sales % Increased at Constant Currency,,—,,—,,—,,—,,—,,—,,—,,—,,—,,—,,—,,—,,—,,—,,—,,—,,—,,—,,—,,—,,—,,—,,—,,—,,—,,—,,—,,—,,—,,—,,—,,—,,—,,—,,—,,—,,—,,—,,,,,
  Diabetes,,5,,2,,12,,-12,,11,,19,,10,,20,,22,,28,,29,,21,,23,,17,,12,,12,,11,,11,,12,,11,,17,,1,,2,,5,,2,,12,,17,,10,,11,,11,,17,,14,,26,,46,,28,,43,,31,,51,,,,,
    Humalog,,11,,0,,6,,15,,-8,,8,,-8,,3,,18,,-2,,12,,-6,,9,,12,,-3,,0,,-5,,-10,,-1,,0,,-4,,-16,,1,,-7,,-13,,6,,-6,,-16,,2,,-24,,-25,,-5,,-24,,-1,,-13,,-34,,16,,44,,,,,
    Basaglar,,0,,0,,0,,0,,0,,0,,0,,27,,325,,436,,648,,286,,252,,130,,38,,52,,53,,46,,32,,33,,22,,1,,-6,,-9,,-20,,-29,,-23,,-14,,-20,,-15,,4,,13,,11,,-11,,-8,,-10,,-25,,18,,,,,
    Jardiance,,—,,0,,0,,0,,102,,37,,0,,4,,95,,154,,160,,85,,92,,39,,33,,37,,36,,62,,48,,40,,32,,13,,26,,13,,11,,33,,29,,39,,38,,34,,54,,50,,42,,46,,21,,28,,19,,17,,,,,
    Humulin,,5,,-5,,-1,,-4,,16,,7,,4,,1,,-11,,9,,-7,,1,,2,,-4,,8,,-5,,-6,,-5,,1,,4,,7,,-1,,-5,,-7,,1,,-1,,-8,,-8,,-14,,-11,,-14,,-19,,-6,,-24,,-13,,-20,,-18,,9,,,,,
    Trajenta,,15,,11,,30,,29,,18,,0,,22,,7,,23,,15,,28,,19,,13,,-2,,-11,,22,,-6,,13,,19,,-4,,-30,,-51,,-43,,-39,,-11,,14,,10,,-4,,-1,,27,,12,,2,,-3,,6,,-13,,7,,2,,-26,,,,,
    Trulicity,,—,,0,,0,,0,,0,,-13,,-27,,0,,161,,140,,116,,91,,78,,61,,55,,43,,31,,34,,25,,31,,40,,20,,9,,23,,16,,23,,44,,26,,22,,30,,19,,6,,15,,-5,,-10,,-15,,-27,,-31,,,,,
    Other Diabetes,,-83,,-33,,5,,21,,119,,0,,-27,,-20,,-61,,-4,,4,,-1,,-53,,-60,,-29,,-50,,-14,,-18,,-25,,-1,,-29,,-34,,-24,,-12,,-18,,65,,—,,85,,46,,11,,26,,8,,24,,18,,73,,—,,-41,,-92,,,,,
    Mounjaro,,—,,—,,—,,—,,—,,—,,—,,—,,—,,—,,—,,—,,—,,—,,—,,—,,—,,—,,—,,—,,—,,—,,—,,—,,—,,—,,—,,—,,—,,—,,0,,0,,—,,—,,0,,—,,—,,—,,,,,
    Baqsimi,,—,,—,,—,,—,,—,,—,,—,,—,,—,,—,,—,,—,,—,,—,,—,,—,,—,,—,,—,,—,,—,,—,,—,,48,,36,,89,,53,,30,,22,,14,,38,,26,,9,,—,,-70,,-50,,—,,—,,,,,
    Actos,,-13,,-9,,-29,,—,,—,,—,,—,,—,,—,,—,,—,,—,,—,,—,,—,,—,,—,,—,,—,,—,,—,,—,,—,,—,,—,,—,,—,,—,,—,,—,,—,,—,,—,,—,,—,,—,,—,,—,,,,,
    Glucagon,,23,,2,,36,,-1,,16,,17,,5,,7,,9,,6,,8,,15,,6,,0,,1,,14,,-8,,5,,-8,,-32,,-14,,-33,,-43,,-4,,-22,,-60,,-58,,-61,,—,,—,,—,,—,,—,,—,,—,,—,,—,,—,,,,,
    Axiron,,0,,-30,,16,,-12,,-5,,-9,,-6,,-4,,-27,,26,,-80,,—,,—,,—,,—,,—,,—,,—,,—,,—,,—,,—,,—,,—,,—,,—,,—,,—,,—,,—,,—,,—,,—,,—,,—,,—,,—,,—,,,,,
    Evista,,-51,,-37,,-26,,-20,,-48,,-39,,-51,,9,,-22,,-29,,-16,,-58,,—,,—,,—,,—,,—,,—,,—,,—,,—,,—,,—,,—,,—,,—,,—,,—,,—,,—,,—,,—,,—,,—,,—,,—,,—,,—,,,,,
  Oncology,,6,,16,,5,,14,,20,,4,,8,,-8,,0,,-1,,2,,11,,4,,14,,11,,12,,8,,10,,8,,11,,19,,6,,15,,18,,11,,20,,5,,-6,,1,,-9,,-3,,24,,4,,24,,36,,14,,34,,31,,,,,
    Verzenio,,—,,—,,—,,—,,—,,—,,—,,—,,—,,—,,—,,—,,—,,0,,-15,,295,,—,,—,,86,,—,,72,,56,,49,,56,,41,,62,,43,,45,,79,,77,,93,,0,,65,,60,,68,,41,,40,,46,,,,,
    Retevmo,,—,,—,,—,,—,,—,,—,,—,,—,,—,,—,,—,,—,,—,,—,,—,,—,,—,,—,,—,,—,,—,,—,,—,,—,,—,,—,,—,,—,,—,,76,,23,,72,,25,,46,,55,,13,,35,,41,,,,,
    Tyvyt,,—,,—,,—,,—,,—,,—,,—,,—,,—,,—,,—,,—,,—,,—,,—,,—,,—,,—,,—,,—,,—,,67,,82,,—,,79,,50,,38,,-27,,-24,,-29,,-36,,-18,,-22,,50,,58,,97,,96,,21,,,,,
    Elunate,,—,,—,,—,,—,,—,,—,,—,,—,,—,,—,,—,,—,,—,,—,,—,,—,,—,,—,,—,,—,,—,,—,,—,,—,,—,,—,,—,,—,,36,,13,,36,,70,,11,,27,,18,,27,,12,,14,,,,,
    Other Oncology,,—,,-73,,-97,,0,,0,,31,,0,,0,,-100,,-101,,-98,,0,,-4,,1,,11,,-18,,18,,—,,—,,—,,-65,,47,,-46,,-73,,100,,-18,,80,,5,,-10,,12,,-18,,24,,14,,34,,30,,55,,45,,4,,,,,
    Erbitux,,—,,45,,-6,,84,,90,,34,,113,,13,,-8,,-12,,-11,,10,,-3,,5,,-2,,-5,,-21,,-4,,-19,,-15,,10,,-19,,6,,2,,-7,,14,,-1,,4,,1,,-2,,12,,14,,6,,15,,6,,-6,,12,,-4,,,,,
    Cyramza,,—,,0,,0,,0,,95,,62,,34,,43,,30,,28,,26,,17,,3,,14,,2,,9,,10,,13,,20,,10,,21,,6,,5,,14,,-2,,4,,1,,-2,,2,,-7,,0,,12,,7,,15,,-1,,-8,,-1,,-4,,,,,
    Alimta,,-2,,3,,-5,,-7,,1,,-10,,-11,,-15,,-12,,-11,,-10,,-4,,-3,,1,,1,,7,,2,,6,,-2,,-4,,13,,-6,,12,,20,,-4,,11,,-21,,-33,,-38,,-62,,-73,,-44,,-82,,-72,,-55,,-81,,20,,-44,,,,,
    Jaypirca (Pirtobrutinib),,—,,—,,—,,—,,—,,—,,—,,—,,—,,—,,—,,—,,—,,—,,—,,—,,—,,—,,—,,—,,—,,—,,—,,—,,—,,—,,—,,—,,—,,—,,—,,—,,—,,—,,0,,—,,—,,—,,,,,
    Erbitux Royalty,,—,,—,,—,,—,,—,,—,,—,,—,,—,,—,,—,,—,,—,,—,,—,,—,,—,,—,,—,,—,,—,,—,,—,,—,,—,,—,,—,,—,,—,,—,,—,,—,,—,,—,,—,,—,,—,,—,,,,,
    Erbitux Mfg,,-2,,0,,-6,,—,,—,,—,,—,,—,,—,,—,,—,,—,,—,,—,,—,,—,,—,,—,,—,,—,,—,,—,,—,,—,,—,,—,,—,,—,,—,,—,,—,,—,,—,,—,,—,,—,,—,,—,,,,,
    Human Pharmaceutical - Oncology - Lartruvo,,—,,—,,—,,—,,—,,—,,—,,-52,,—,,—,,—,,389,,49,,65,,41,,43,,-30,,-85,,-93,,—,,—,,—,,—,,—,,—,,—,,—,,—,,—,,—,,—,,—,,—,,—,,—,,—,,—,,—,,,,,
    Portrazza,,—,,—,,—,,—,,—,,-8,,0,,0,,110,,-42,,-57,,—,,—,,—,,—,,—,,—,,—,,—,,—,,—,,—,,—,,—,,—,,—,,—,,—,,—,,—,,—,,—,,—,,—,,—,,—,,—,,—,,,,,
    Gemzar,,-23,,-3,,3,,46,,4,,0,,-20,,-52,,-7,,-8,,4,,—,,—,,—,,—,,—,,—,,—,,—,,—,,—,,—,,—,,—,,—,,—,,—,,—,,—,,—,,—,,—,,—,,—,,—,,—,,—,,—,,,,,
  Immunology,,—,,—,,—,,—,,—,,—,,—,,—,,—,,—,,—,,0,,75,,81,,91,,94,,92,,76,,44,,47,,77,,21,,37,,26,,1,,39,,59,,37,,29,,6,,-9,,4,,8,,18,,13,,17,,7,,17,,,,,
    Ebglyss (Lebrikizumab),,—,,—,,—,,—,,—,,—,,—,,—,,—,,—,,—,,—,,—,,—,,—,,—,,—,,—,,—,,—,,—,,—,,—,,—,,—,,—,,—,,—,,—,,—,,—,,—,,—,,—,,—,,—,,—,,18,,,,,
    Taltz,,—,,—,,—,,—,,—,,—,,—,,—,,—,,618,,365,,181,,48,,57,,75,,79,,75,,63,,30,,38,,77,,12,,33,,16,,-12,,41,,30,,31,,24,,9,,19,,14,,11,,17,,8,,9,,14,,18,,,,,
    Olumiant,,—,,—,,—,,—,,—,,—,,—,,—,,—,,—,,—,,—,,—,,790,,244,,210,,—,,—,,—,,86,,74,,45,,38,,47,,31,,36,,—,,61,,39,,-2,,-49,,-23,,-5,,20,,25,,16,,-5,,7,,,,,
    Omvoh (Mirikizumab),,—,,—,,—,,—,,—,,—,,—,,—,,—,,—,,—,,—,,—,,—,,—,,—,,—,,—,,—,,—,,—,,—,,—,,—,,—,,—,,—,,—,,—,,—,,—,,—,,—,,—,,0,,—,,-57,,—,,,,,
    Qbrexza,,—,,—,,—,,—,,—,,—,,—,,—,,—,,—,,—,,—,,—,,—,,—,,—,,—,,—,,—,,—,,—,,—,,—,,—,,—,,-5,,-100,,—,,—,,—,,—,,—,,—,,—,,—,,—,,—,,—,,,,,
    Other Immunology,,—,,—,,—,,—,,—,,—,,—,,—,,—,,—,,—,,—,,—,,—,,—,,—,,—,,—,,—,,—,,—,,—,,—,,—,,—,,3,,8,,-51,,-29,,25,,-27,,—,,—,,-100,,0,,—,,—,,—,,,,,
  Neuroscience,,-17,,-3,,-6,,-10,,-8,,-8,,-6,,-13,,-9,,-17,,-27,,-23,,-23,,-23,,-15,,-8,,-14,,0,,0,,0,,19,,-6,,10,,3,,-3,,19,,-5,,0,,-11,,-20,,-10,,-12,,-6,,1,,0,,-6,,9,,-11,,,,,
    Emgality,,—,,—,,—,,—,,—,,—,,—,,—,,—,,—,,—,,—,,—,,—,,—,,—,,—,,—,,—,,—,,—,,—,,91,,65,,60,,77,,52,,47,,26,,4,,27,,12,,5,,8,,-1,,5,,47,,14,,,,,
    Reyvow,,—,,—,,—,,—,,—,,—,,—,,—,,—,,—,,—,,—,,—,,—,,—,,—,,—,,—,,—,,—,,—,,—,,—,,—,,77,,—,,31,,57,,—,,7,,54,,39,,60,,-19,,14,,-16,,-12,,-17,,,,,
    Cymbalta,,-33,,-20,,-23,,-32,,-27,,-15,,24,,-23,,-12,,-12,,-39,,8,,-8,,-16,,-5,,-3,,-1,,7,,2,,4,,29,,-5,,4,,-5,,-20,,-3,,-28,,-47,,-51,,-54,,-47,,-25,,-21,,-12,,-2,,-11,,-8,,-19,,,,,
    Other Neuroscience,,-7,,-41,,-22,,-12,,-23,,31,,17,,-13,,102,,63,,44,,65,,-41,,-38,,-46,,-49,,0,,-10,,-21,,-17,,1,,-21,,2,,-17,,-21,,4,,-18,,-10,,12,,-11,,-14,,-3,,-19,,1,,-8,,10,,-25,,-36,,,,,
    Amyvid,,79,,71,,126,,—,,—,,—,,—,,—,,—,,—,,—,,—,,—,,—,,—,,—,,—,,—,,—,,—,,—,,—,,—,,—,,—,,—,,—,,—,,—,,—,,—,,—,,—,,—,,—,,—,,—,,—,,,,,
    Zyprexa,,-13,,18,,7,,-1,,-1,,-20,,-41,,-36,,-30,,-32,,-4,,-1,,-23,,-13,,-21,,-25,,-8,,-14,,-2,,-7,,-6,,-6,,6,,-6,,-8,,-7,,-11,,41,,3,,-1,,-11,,-38,,-6,,2,,0,,-42,,—,,—,,,,,
    Strattera,,19,,4,,10,,18,,10,,16,,-2,,8,,5,,-16,,-30,,-59,,-36,,-41,,-28,,11,,-47,,-25,,-47,,-61,,-42,,-72,,-38,,-18,,-3,,73,,6,,4,,—,,—,,—,,—,,—,,—,,—,,—,,—,,—,,,,,
    Prozac,,-3,,-1,,-3,,-5,,9,,3,,1,,69,,33,,9,,-10,,-36,,-16,,-5,,19,,-9,,-15,,1,,-4,,13,,—,,—,,—,,—,,—,,—,,—,,—,,—,,—,,—,,—,,—,,—,,—,,—,,—,,—,,,,,
  Other Pharmaceutical,,-6,,-33,,-31,,2,,-6,,8,,3,,-34,,26,,-2,,27,,42,,-10,,33,,-7,,-16,,-33,,-57,,-52,,-30,,-19,,-36,,-28,,91,,93,,46,,20,,7,,54,,-30,,15,,-76,,-85,,-36,,-64,,-29,,-13,,-34,,,,,
    Humatrope,,27,,-10,,10,,2,,-5,,-6,,-8,,6,,-20,,31,,-7,,10,,21,,-25,,-19,,2,,1,,19,,-6,,-34,,39,,-45,,-18,,62,,-29,,-55,,-1,,-53,,-32,,—,,-24,,-58,,-22,,-65,,-29,,38,,-41,,25,,,,,
    Other,,-11,,-40,,-41,,2,,1,,-4,,-5,,-34,,5,,21,,52,,68,,-10,,33,,-7,,-16,,-28,,-48,,-33,,7,,-24,,-57,,-60,,-32,,-51,,-20,,-17,,-33,,-7,,-35,,-47,,-50,,-62,,2,,-45,,5,,8,,-12,,,,,
    Cialis,,—,,—,,—,,—,,—,,—,,—,,—,,—,,—,,—,,—,,—,,—,,—,,—,,-35,,-61,,—,,—,,—,,-32,,—,,—,,—,,—,,—,,48,,—,,-47,,—,,—,,-53,,-21,,-27,,-29,,37,,-25,,,,,
    Forteo,,6,,18,,16,,5,,11,,10,,8,,0,,9,,22,,14,,21,,-14,,-5,,-11,,-14,,2,,-15,,-5,,-18,,-12,,-29,,-28,,-30,,-29,,-15,,-25,,-27,,-28,,-34,,-8,,-9,,-9,,8,,-18,,-28,,-50,,-52,,,,,
    COVID-19 Antibodies,,—,,—,,—,,—,,—,,—,,—,,—,,—,,—,,—,,—,,—,,—,,—,,—,,—,,—,,—,,—,,—,,—,,—,,—,,—,,—,,—,,—,,81,,-13,,78,,—,,-100,,-100,,-100,,—,,—,,—,,,,,
    Vancocin,,2,,-21,,-11,,0,,-15,,27,,13,,-21,,60,,-28,,1,,—,,—,,—,,—,,—,,—,,—,,—,,—,,—,,—,,—,,—,,—,,—,,—,,—,,—,,—,,—,,—,,—,,—,,—,,—,,—,,—,,,,,
    Cialis,,9,,10,,10,,9,,11,,12,,5,,7,,-6,,1,,-5,,-13,,—,,—,,—,,—,,—,,—,,-60,,-43,,-36,,-32,,-10,,-38,,-35,,—,,-22,,48,,—,,—,,—,,—,,—,,—,,—,,—,,—,,—,,,,,
  Human Pharmaceutical,,0,,4,,10,,9,,8,,8,,4,,7,,9,,12,,10,,8,,—,,—,,—,,—,,—,,—,,—,,—,,16,,-2,,4,,—,,13,,20,,17,,8,,17,,-1,,7,,—,,-9,,29,,36,,—,,—,,—,,,,,
    Cardiovascular,,8,,9,,10,,7,,9,,9,,3,,5,,-7,,-1,,-15,,-21,,—,,—,,—,,—,,—,,—,,—,,—,,—,,—,,—,,—,,—,,—,,—,,—,,—,,—,,—,,—,,—,,—,,—,,—,,—,,—,,,,,
      Other Cardiovascular,,-1,,61,,54,,-34,,-39,,-33,,-30,,47,,16,,13,,20,,17,,—,,—,,—,,—,,—,,—,,—,,—,,—,,—,,—,,—,,—,,—,,—,,—,,—,,—,,—,,—,,—,,—,,—,,—,,—,,—,,,,,
      Adcirca,,—,,15,,19,,13,,10,,5,,5,,5,,6,,10,,13,,29,,—,,—,,—,,—,,—,,—,,—,,—,,—,,—,,—,,—,,—,,—,,—,,—,,—,,—,,—,,—,,—,,—,,—,,—,,—,,—,,,,,
      Reopro,,-14,,0,,8,,-1,,-14,,-1,,-10,,-15,,-73,,-90,,-97,,—,,—,,—,,—,,—,,—,,—,,—,,—,,—,,—,,—,,—,,—,,—,,—,,—,,—,,—,,—,,—,,—,,—,,—,,—,,—,,—,,,,,
      Effient (Prasugrel),,6,,1,,4,,4,,9,,5,,-3,,0,,-3,,6,,-57,,-56,,—,,—,,—,,—,,—,,—,,—,,—,,—,,—,,—,,—,,—,,—,,—,,—,,—,,—,,—,,—,,—,,—,,—,,—,,—,,—,,,,,
  Animal Health,,46,,44,,39,,34,,5,,4,,-9,,3,,2,,-8,,4,,-7,,—,,—,,—,,—,,—,,—,,—,,—,,—,,—,,—,,—,,—,,—,,—,,—,,—,,—,,—,,—,,—,,—,,—,,—,,—,,—,,,,,
    Companion,,66,,110,,65,,90,,6,,15,,-14,,-1,,13,,1,,—,,—,,—,,—,,—,,—,,—,,—,,—,,—,,—,,—,,—,,—,,—,,—,,—,,—,,—,,—,,—,,—,,—,,—,,—,,—,,—,,—,,,,,
    Food and Other,,40,,26,,31,,21,,4,,-1,,-6,,18,,-3,,-13,,-7,,—,,—,,—,,—,,—,,—,,—,,—,,—,,—,,—,,—,,—,,—,,—,,—,,—,,—,,—,,—,,—,,—,,—,,—,,—,,—,,—,,,,,
Revenue Growth %,,—,,—,,—,,—,,—,,—,,—,,—,,—,,—,,—,,—,,—,,—,,—,,—,,—,,—,,—,,—,,—,,—,,—,,—,,—,,—,,—,,—,,—,,—,,—,,—,,—,,—,,—,,—,,—,,—,,28.0836123218158,1.0,48.7149058096521,1.0
  Diabetes,,-1,,-6,,5,,7,,8,,20,,11,,20,,21,,27,,30,,22,,27,,19,,11,,10,,9,,9,,11,,10,,16,,1,,3,,6,,5,,14,,18,,10,,9,,9,,13,,10,,24,,46,,29,,45,,31,,50,,,,,
    Humalog,,5,,-7,,0,,10,,-11,,7,,-6,,3,,17,,-3,,9,,-5,,12,,13,,-5,,-2,,-8,,-12,,-2,,-1,,-5,,-18,,1,,-6,,-11,,9,,-5,,-16,,0,,-26,,-29,,-9,,-25,,-1,,-12,,-33,,17,,43,,,,,
    Basaglar,,—,,0,,0,,0,,—,,-37,,0,,—,,321,,0,,650,,289,,261,,-58,,38,,51,,51,,44,,31,,32,,21,,0,,-6,,-8,,-19,,-27,,-22,,-14,,-22,,-17,,0,,-17,,9,,-11,,7,,-8,,-25,,17,,,,,
    Jardiance,,—,,0,,0,,0,,99,,51,,0,,7,,94,,0,,168,,88,,104,,43,,31,,35,,35,,58,,44,,39,,31,,13,,29,,17,,17,,36,,26,,38,,34,,29,,47,,42,,38,,45,,22,,30,,19,,15,,,,,
    Humulin,,0,,-10,,-6,,-9,,13,,5,,2,,-1,,-12,,8,,-7,,2,,4,,-3,,7,,-7,,-9,,-7,,0,,3,,6,,-3,,-5,,-7,,2,,1,,-6,,-8,,-15,,-13,,-17,,-22,,-8,,-25,,13,,-20,,-18,,9,,,,,
    Trajenta,,7,,-11,,17,,23,,15,,51,,25,,4,,20,,17,,33,,23,,25,,0,,-12,,20,,-6,,9,,15,,-4,,-29,,-50,,-41,,-35,,1,,16,,5,,-4,,-3,,9,,8,,-2,,-7,,7,,-8,,13,,4,,-26,,,,,
    Trulicity,,—,,0,,0,,0,,—,,-15,,-30,,7,,160,,0,,117,,93,,82,,62,,55,,42,,30,,32,,24,,31,,40,,20,,9,,24,,18,,25,,45,,25,,20,,25,,16,,3,,14,,-5,,-10,,-14,,-26,,-31,,,,,
    Other Diabetes,,-85,,-42,,-3,,11,,112,,-15,,-30,,-23,,-63,,-8,,8,,4,,-51,,133,,-31,,-51,,-17,,-21,,-25,,0,,-29,,-35,,-24,,-14,,-15,,68,,—,,81,,40,,24,,15,,2,,20,,17,,75,,1,,-41,,-92,,,,,
    Mounjaro,,—,,—,,—,,—,,—,,—,,—,,—,,—,,—,,—,,—,,—,,—,,—,,—,,—,,—,,—,,—,,—,,—,,—,,—,,—,,—,,—,,—,,—,,—,,—,,—,,—,,—,,0,,—,,—,,—,,,,,
    Baqsimi,,—,,—,,—,,—,,—,,—,,—,,—,,—,,—,,—,,—,,—,,—,,—,,—,,—,,—,,—,,—,,—,,—,,—,,48,,37,,90,,53,,30,,20,,12,,35,,23,,8,,—,,-70,,-50,,—,,—,,,,,
    Actos,,-24,,-26,,-41,,—,,—,,—,,—,,—,,—,,—,,—,,—,,—,,—,,—,,—,,—,,—,,—,,—,,—,,—,,—,,—,,—,,—,,—,,—,,—,,—,,—,,—,,—,,—,,—,,—,,—,,—,,,,,
    Glucagon,,22,,1,,35,,-2,,15,,17,,5,,7,,9,,5,,2,,15,,7,,1,,1,,14,,-8,,5,,-8,,-32,,-14,,-33,,-43,,-4,,-22,,-59,,-58,,-60,,—,,—,,—,,—,,—,,—,,—,,—,,—,,—,,,,,
    Axiron,,-1,,-31,,14,,-13,,-5,,-10,,-6,,-4,,-26,,26,,-80,,—,,—,,—,,—,,—,,—,,—,,—,,—,,—,,—,,—,,—,,—,,—,,—,,—,,—,,—,,—,,—,,—,,—,,—,,—,,—,,—,,,,,
    Evista,,-55,,-45,,-35,,-27,,-50,,-37,,-45,,32,,-21,,-29,,-19,,-59,,—,,—,,—,,—,,—,,—,,—,,—,,—,,—,,—,,—,,—,,—,,—,,—,,—,,—,,—,,—,,—,,—,,—,,—,,—,,—,,,,,
  Oncology,,-1,,7,,-2,,9,,18,,5,,10,,-6,,-1,,-2,,1,,11,,8,,16,,11,,12,,6,,8,,8,,11,,19,,6,,16,,21,,14,,23,,5,,-7,,-1,,-12,,-8,,17,,0,,22,,35,,14,,33,,29,,,,,
    Verzenio,,—,,—,,—,,—,,—,,—,,—,,—,,—,,—,,—,,—,,—,,0,,-16,,0,,0,,0,,86,,—,,72,,56,,49,,70,,43,,64,,43,,43,,74,,72,,84,,100,,60,,57,,68,,42,,40,,44,,,,,
    Retevmo,,—,,—,,—,,—,,—,,—,,—,,—,,—,,—,,—,,—,,—,,—,,—,,—,,—,,—,,—,,—,,—,,—,,—,,—,,—,,—,,—,,—,,—,,75,,21,,67,,23,,45,,56,,14,,35,,39,,,,,
    Tyvyt,,—,,—,,—,,—,,—,,—,,—,,—,,—,,—,,—,,—,,—,,—,,—,,—,,—,,—,,—,,—,,—,,60,,81,,—,,91,,64,,49,,-24,,-22,,-30,,-39,,-26,,-29,,41,,50,,98,,91,,19,,,,,
    Elunate,,—,,—,,—,,—,,—,,—,,—,,—,,—,,—,,—,,—,,—,,—,,—,,—,,—,,—,,—,,—,,—,,—,,—,,—,,—,,—,,—,,—,,39,,12,,30,,52,,3,,19,,12,,28,,9,,12,,,,,
    Other Oncology,,—,,-74,,-97,,0,,0,,0,,0,,0,,-100,,0,,-98,,0,,1,,4,,11,,-21,,14,,—,,—,,—,,-66,,44,,-46,,-72,,—,,-13,,86,,6,,-9,,11,,-21,,14,,8,,28,,24,,55,,43,,3,,,,,
    Erbitux,,—,,44,,-7,,83,,90,,34,,115,,-13,,-8,,-12,,-11,,10,,-3,,5,,-2,,-5,,-21,,-4,,-19,,-14,,10,,-19,,6,,2,,-6,,14,,-2,,4,,—,,-4,,8,,9,,6,,15,,6,,-5,,11,,-4,,,,,
    Cyramza,,—,,0,,0,,0,,94,,68,,43,,51,,31,,27,,23,,16,,7,,17,,1,,8,,8,,11,,21,,11,,21,,6,,5,,16,,1,,5,,0,,-5,,-4,,-14,,-8,,3,,3,,13,,-3,,-9,,-3,,-4,,,,,
    Alimta,,-9,,-7,,-13,,-13,,-2,,-9,,-9,,-14,,-13,,-12,,-10,,-3,,2,,4,,1,,6,,0,,4,,-2,,-5,,12,,-7,,14,,23,,0,,13,,-21,,-33,,-38,,-63,,-74,,-46,,-83,,-73,,-55,,-81,,19,,-44,,,,,
    Jaypirca (Pirtobrutinib),,—,,—,,—,,—,,—,,—,,—,,—,,—,,—,,—,,—,,—,,—,,—,,—,,—,,—,,—,,—,,—,,—,,—,,—,,—,,—,,—,,—,,—,,—,,—,,—,,—,,—,,0,,—,,—,,—,,,,,
    Erbitux Royalty,,—,,—,,—,,—,,—,,—,,—,,—,,—,,—,,—,,—,,—,,—,,—,,—,,—,,—,,—,,—,,—,,—,,—,,—,,—,,—,,—,,—,,—,,—,,—,,—,,—,,—,,—,,—,,—,,—,,,,,
    Erbitux Mfg,,-3,,0,,-7,,—,,—,,—,,—,,—,,—,,—,,—,,—,,—,,—,,—,,—,,—,,—,,—,,—,,—,,—,,—,,—,,—,,—,,—,,—,,—,,—,,—,,—,,—,,—,,—,,—,,—,,—,,,,,
    Human Pharmaceutical - Oncology - Lartruvo,,—,,—,,—,,—,,—,,—,,—,,—,,—,,—,,—,,396,,53,,69,,41,,41,,-32,,-85,,-93,,—,,—,,—,,—,,—,,—,,—,,—,,—,,—,,—,,—,,—,,—,,—,,—,,—,,—,,—,,,,,
    Portrazza,,—,,—,,—,,—,,—,,—,,0,,—,,108,,-43,,-57,,—,,—,,—,,—,,—,,—,,—,,—,,—,,—,,—,,—,,—,,—,,—,,—,,—,,—,,—,,—,,—,,—,,—,,—,,—,,—,,—,,,,,
    Gemzar,,-28,,-10,,-6,,37,,-2,,-11,,-21,,-53,,-12,,-13,,-4,,—,,—,,—,,—,,—,,—,,—,,—,,—,,—,,—,,—,,—,,—,,—,,—,,—,,—,,—,,—,,—,,—,,—,,—,,—,,—,,—,,,,,
  Immunology,,—,,—,,—,,—,,—,,—,,0,,—,,—,,—,,0,,0,,81,,84,,91,,93,,0,,72,,42,,45,,75,,20,,38,,28,,5,,43,,37,,37,,24,,2,,-14,,-2,,4,,17,,14,,18,,7,,17,,,,,
    Taltz,,—,,—,,—,,—,,—,,—,,—,,—,,—,,—,,365,,182,,52,,59,,74,,78,,87,,61,,29,,37,,76,,12,,34,,18,,-9,,44,,8,,31,,21,,7,,15,,9,,8,,16,,9,,11,,15,,17,,,,,
    Olumiant,,—,,—,,—,,—,,—,,—,,—,,—,,—,,—,,—,,—,,—,,838,,242,,0,,72,,0,,—,,82,,70,,42,,41,,50,,39,,44,,-100,,59,,32,,-11,,-55,,-33,,-10,,18,,27,,18,,-5,,4,,,,,
    Omvoh (Mirikizumab),,—,,—,,—,,—,,—,,—,,—,,—,,—,,—,,—,,—,,—,,—,,—,,—,,—,,—,,—,,—,,—,,—,,—,,—,,—,,—,,—,,—,,—,,—,,—,,—,,—,,—,,0,,—,,-57,,—,,,,,
    Qbrexza,,—,,—,,—,,—,,—,,—,,—,,—,,—,,—,,—,,—,,—,,—,,—,,—,,—,,—,,—,,—,,0,,—,,—,,—,,—,,-5,,30,,—,,—,,—,,—,,—,,—,,—,,—,,—,,—,,—,,,,,
    Other Immunology,,—,,—,,—,,—,,—,,—,,—,,—,,—,,—,,—,,—,,—,,—,,—,,—,,—,,—,,—,,—,,—,,—,,—,,—,,—,,3,,60,,-51,,-29,,25,,-27,,—,,—,,0,,0,,—,,—,,—,,,,,
  Neuroscience,,-25,,-15,,-17,,-17,,-11,,-6,,-2,,-10,,-10,,-18,,-28,,-24,,-18,,-20,,-16,,-10,,-17,,-4,,0,,0,,18,,-7,,10,,5,,0,,21,,-4,,-1,,-15,,-24,,-17,,-18,,-9,,-1,,0,,-6,,8,,-12,,,,,
    Emgality,,—,,—,,—,,—,,—,,—,,—,,—,,—,,—,,—,,—,,—,,—,,—,,—,,0,,—,,—,,—,,—,,—,,92,,66,,61,,79,,53,,47,,25,,1,,20,,9,,3,,8,,0,,6,,46,,13,,,,,
    Reyvow,,—,,—,,—,,—,,—,,—,,—,,—,,—,,—,,—,,—,,—,,—,,—,,—,,—,,—,,—,,—,,—,,—,,—,,—,,77,,—,,31,,57,,—,,7,,54,,39,,60,,-19,,14,,-16,,-16,,-17,,,,,
    Cymbalta,,-40,,-32,,-34,,-39,,-31,,-14,,29,,-19,,-12,,-13,,-42,,6,,-3,,-12,,-6,,-4,,-3,,3,,4,,6,,28,,-4,,5,,-2,,-16,,-2,,-29,,-49,,-54,,-57,,-53,,-34,,-26,,-15,,-3,,-11,,-10,,-22,,,,,
    Other Neuroscience,,-16,,-50,,-32,,-19,,-27,,28,,15,,-14,,99,,60,,45,,67,,-39,,-37,,-47,,-50,,-1,,-11,,-22,,-18,,-1,,-25,,1,,-19,,-21,,6,,-17,,-11,,7,,-12,,-16,,-6,,-22,,-1,,9,,11,,-26,,-38,,,,,
    Amyvid,,76,,66,,120,,—,,—,,—,,—,,—,,—,,—,,—,,—,,—,,—,,—,,—,,—,,—,,—,,—,,—,,—,,—,,—,,—,,—,,—,,—,,—,,—,,—,,—,,—,,—,,—,,—,,—,,—,,,,,
    Zyprexa,,-22,,4,,-8,,-9,,-3,,-17,,-37,,-33,,-31,,-33,,-6,,-1,,-17,,-9,,-22,,-27,,-13,,-18,,-4,,-8,,-8,,-7,,7,,-3,,-3,,-1,,-10,,39,,-3,,-8,,-20,,-45,,-11,,0,,0,,-42,,—,,—,,,,,
    Strattera,,13,,-3,,3,,-12,,8,,17,,1,,10,,4,,-17,,-31,,-60,,-33,,-39,,-28,,9,,-49,,-28,,-47,,-61,,-42,,-73,,-37,,-16,,1,,80,,8,,3,,—,,—,,—,,—,,—,,—,,—,,—,,—,,—,,,,,
    Prozac,,-7,,-8,,-10,,14,,3,,0,,-1,,68,,30,,6,,-10,,-36,,-14,,-4,,15,,-13,,-20,,-4,,-6,,11,,—,,—,,—,,—,,—,,—,,—,,—,,—,,—,,—,,—,,—,,—,,—,,—,,—,,—,,,,,
  Other Pharmaceutical,,-8,,-35,,-33,,2,,-11,,3,,-2,,-34,,20,,-4,,27,,45,,-5,,40,,-7,,-18,,-36,,-59,,-54,,-31,,-20,,-37,,-28,,92,,94,,48,,21,,6,,52,,-32,,13,,-77,,-86,,-36,,-63,,-28,,-12,,-34,,,,,
    Forteo,,-2,,6,,5,,-1,,9,,12,,12,,12,,9,,22,,13,,21,,-10,,-3,,-12,,-15,,0,,-17,,-5,,-18,,—,,-30,,-28,,-29,,-27,,-14,,-25,,-28,,-31,,-37,,-12,,-13,,-11,,7,,-17,,-27,,-50,,23,,,,,
    Humatrope,,16,,-19,,-1,,-5,,-8,,-5,,-9,,7,,-21,,29,,12,,10,,27,,23,,-20,,0,,-2,,16,,-6,,-34,,—,,-45,,-17,,63,,-27,,-51,,-1,,-54,,-36,,—,,-31,,-62,,-23,,-65,,-29,,40,,-41,,-13,,,,,
    Cialis,,—,,—,,—,,—,,—,,—,,—,,—,,—,,—,,—,,—,,—,,—,,—,,—,,-38,,-63,,—,,—,,—,,-35,,—,,—,,—,,—,,—,,—,,—,,-48,,—,,—,,-54,,-21,,-25,,-26,,39,,-24,,,,,
    Other,,1,,-42,,-44,,-3,,-5,,-9,,-8,,-38,,1,,17,,53,,73,,-5,,40,,-7,,-18,,-30,,-50,,-38,,7,,-24,,-58,,-61,,-31,,-50,,-18,,-17,,-34,,-9,,-38,,-50,,-53,,-11,,2,,-43,,7,,8,,-34,,,,,
    COVID-19 Antibodies,,—,,—,,—,,—,,—,,—,,—,,—,,—,,—,,—,,—,,—,,—,,—,,—,,—,,—,,—,,—,,—,,—,,—,,—,,—,,—,,—,,22,,81,,-13,,78,,—,,-100,,-100,,-100,,—,,—,,—,,,,,
    Vancocin,,-13,,-20,,-13,,-3,,-20,,20,,6,,-25,,53,,-28,,1,,—,,—,,—,,—,,—,,—,,—,,—,,—,,—,,—,,—,,—,,—,,—,,—,,—,,—,,—,,—,,—,,—,,—,,—,,—,,—,,—,,,,,
    Cialis,,1,,0,,0,,3,,7,,11,,4,,6,,-7,,0,,-4,,-12,,—,,—,,—,,—,,—,,—,,-61,,-44,,-37,,-35,,-12,,-39,,-34,,—,,-19,,49,,—,,—,,—,,—,,—,,—,,—,,—,,—,,—,,,,,
  Human Pharmaceutical,,-6,,-5,,2,,5,,5,,9,,5,,7,,8,,8,,10,,9,,—,,—,,—,,—,,—,,—,,—,,—,,15,,-2,,5,,—,,16,,23,,18,,8,,15,,-4,,2,,—,,-11,,28,,37,,—,,—,,—,,,,,
    Cardiovascular,,0,,0,,0,,1,,5,,8,,2,,5,,-8,,-2,,-14,,-20,,—,,—,,—,,—,,—,,—,,—,,—,,—,,—,,—,,—,,—,,—,,—,,—,,—,,—,,—,,—,,—,,—,,—,,—,,—,,—,,,,,
      Other Cardiovascular,,-11,,38,,32,,-38,,-43,,-29,,-18,,69,,21,,12,,13,,10,,—,,—,,—,,—,,—,,—,,—,,—,,—,,—,,—,,—,,—,,—,,—,,—,,—,,—,,—,,—,,—,,—,,—,,—,,—,,—,,,,,
      Adcirca,,14,,-1,,4,,2,,6,,9,,8,,6,,5,,8,,14,,34,,—,,—,,—,,—,,—,,—,,—,,—,,—,,—,,—,,—,,—,,—,,—,,—,,—,,—,,—,,—,,—,,—,,—,,—,,—,,—,,,,,
      Reopro,,-23,,-11,,-3,,-9,,-19,,-1,,-11,,-15,,-73,,-90,,-98,,—,,—,,—,,—,,—,,—,,—,,—,,—,,—,,—,,—,,—,,—,,—,,—,,—,,—,,—,,—,,—,,—,,—,,—,,—,,—,,—,,,,,
      Effient (Prasugrel),,2,,-4,,0,,2,,8,,5,,-3,,0,,-3,,6,,-56,,-56,,—,,—,,—,,—,,—,,—,,—,,—,,—,,—,,—,,—,,—,,—,,—,,—,,—,,—,,—,,—,,—,,—,,—,,—,,—,,—,,,,,
  Animal Health,,42,,40,,33,,28,,1,,2,,-9,,3,,2,,-9,,5,,-6,,—,,—,,—,,—,,—,,—,,—,,—,,—,,—,,—,,—,,—,,—,,—,,—,,—,,—,,—,,—,,—,,—,,—,,—,,—,,—,,,,,
    Companion,,63,,104,,62,,86,,3,,15,,-15,,17,,13,,-14,,—,,—,,—,,—,,—,,—,,—,,—,,—,,—,,—,,—,,—,,—,,—,,—,,—,,—,,—,,—,,—,,—,,—,,—,,—,,—,,—,,—,,,,,
    Food and Other,,35,,22,,24,,16,,0,,-4,,-7,,-2,,-3,,1,,-6,,—,,—,,—,,—,,—,,—,,—,,—,,—,,—,,—,,—,,—,,—,,—,,—,,—,,—,,—,,—,,—,,—,,—,,—,,—,,—,,—,,,,,
Source: Bloomberg,,,,,,,,,,,,,,,,,,,,,,,,,,,,,,,,,,,,,,,,,,,,,,,,,,,,,,,,,,,,,,,,,,,,,,,,,,,,,,,,,
