Unnamed: 0,Unnamed: 1,Unnamed: 2,Unnamed: 3,Unnamed: 4,Unnamed: 5,Unnamed: 6,Unnamed: 7,Unnamed: 8,Unnamed: 9,Unnamed: 10,Unnamed: 11,Unnamed: 12,Unnamed: 13,Unnamed: 14,Unnamed: 15,Unnamed: 16,Unnamed: 17,Unnamed: 18,Unnamed: 19,Unnamed: 20,Unnamed: 21,Unnamed: 22,Unnamed: 23,Unnamed: 24,Unnamed: 25,Unnamed: 26,Unnamed: 27,Unnamed: 28,Unnamed: 29,Unnamed: 30,Unnamed: 31,Unnamed: 32,Unnamed: 33,Unnamed: 34,Unnamed: 35,Unnamed: 36,Unnamed: 37,Unnamed: 38,Unnamed: 39,Unnamed: 40,Unnamed: 41,Unnamed: 42,Unnamed: 43,Unnamed: 44,Unnamed: 45,Unnamed: 46,Unnamed: 47,Unnamed: 48,Unnamed: 49,Unnamed: 50,Unnamed: 51,Unnamed: 52,Unnamed: 53,Unnamed: 54,Unnamed: 55,Unnamed: 56,Unnamed: 57,Unnamed: 58,Unnamed: 59,Unnamed: 60,Unnamed: 61,Unnamed: 62,Unnamed: 63,Unnamed: 64,Unnamed: 65,Unnamed: 66,Unnamed: 67,Unnamed: 68,Unnamed: 69,Unnamed: 70,Unnamed: 71,Unnamed: 72,Unnamed: 73
Eli Lilly & Co (LLY US) - By Measure,,,,,,,,,,,,,,,,,,,,,,,,,,,,,,,,,,,,,,,,,,,,,,,,,,,,,,,,,,,,,,,,,,,,,,,,,
,,,,,,,,,,,,,,,,,,,,,,,,,,,,,,,,,,,,,,,,,,,,,,,,,,,,,,,,,,,,,,,,,,,,,,,,,
date,,Q1 2006,,Q2 2006,,Q3 2006,,Q4 2006,,Q1 2007,,Q2 2007,,Q3 2007,,Q4 2007,,Q1 2008,,Q2 2008,,Q3 2008,,Q4 2008,,Q1 2009,,Q2 2009,,Q3 2009,,Q4 2009,,Q1 2010,,Q2 2010,,Q3 2010,,Q4 2010,,Q1 2011,,Q2 2011,,Q3 2011,,Q4 2011,,Q1 2012,,Q2 2012,,Q3 2012,,Q4 2012,,Q1 2013,,Q2 2013,,Q3 2013,,Q4 2013,,Q1 2014,,Q2 2014,,Q3 2014,,Q4 2014,
date,,03/31/2006,,06/30/2006,,09/30/2006,,12/31/2006,,03/31/2007,,06/30/2007,,09/30/2007,,12/31/2007,,03/31/2008,,06/30/2008,,09/30/2008,,12/31/2008,,03/31/2009,,06/30/2009,,09/30/2009,,12/31/2009,,03/31/2010,,06/30/2010,,09/30/2010,,12/31/2010,,03/31/2011,,06/30/2011,,09/30/2011,,12/31/2011,,03/31/2012,,06/30/2012,,09/30/2012,,12/31/2012,,03/31/2013,,06/30/2013,,09/30/2013,,12/31/2013,,03/31/2014,,06/30/2014,,09/30/2014,,12/31/2014,
Revenue,,3714.7,1.0,3866.9,1.0,3864.1,1.0,4245.3,1.0,4226.1,1.0,4631,1.0,4586.8,1.0,5189.6,1.0,4807.6,1.0,5150.3,1.0,5209.8,1.0,5204.3,1.0,5047,1.0,5292.8,1.0,5562,1.0,5934.2,1.0,5485.5,1.0,5748.5,1.0,5654.7,1.0,6187.2,1.0,5839.2,1.0,6252.9,1.0,6147.9,1.0,6046.5,1.0,5602,1.0,5600.7,1.0,5443.3,1.0,5957.3,1.0,5602,1.0,5929.7,1.0,5772.6,1.0,5808.8,1.0,4683.1,1.0,4935.6,1.0,4875.5,1.0,5121.3,1.0
  Human Pharmaceutical,,3516.4,0.94661749266428,3665.9,0.948020378080633,3647.9,0.94404906705313,3985.4,0.938779355993687,4011,0.949102008944417,4416.3,0.953638522997193,4350.2,0.948417197174501,4860.2,0.936526899953754,4474.1,0.930630668108828,4779.2,0.927945944896414,4815.6,0.924334907290107,4763.7,0.915339238706454,4627.7,0.916920943134535,4837.9,0.914053053204353,5070.9,0.911704422869471,5427.8,0.914664150180311,5042.9,0.919314556558199,5264.9,0.915873706184222,5133.5,0.907828885705696,5609.4,0.906613653995345,5320.1,0.911100835730922,5697.1,0.911113243455037,5520.6,0.897965158834724,5388.4,0.891160175308029,4922.8,0.878757586576223,4943.2,0.882603960219258,4821.3,0.885731082247901,5245.9,0.880583485807329,5102.9,0.910906818993217,5386.2,0.908342749211596,5242.3,0.908134982503551,5230.4,0.900426938438232,4155.7,0.887382289509086,4334.4,0.87819110138585,4290.8,0.880073838580658,4488,0.876339991798957
    Diabetes,,1254.7,0.337766172234635,1294.6,0.334790141974191,1278.2,0.330788540669237,1333.5,0.314112076885026,1076.6,0.254750242540404,1169.5,0.252537248974304,1155.1,0.251831342112148,1489.7,0.287054878988747,1316,0.273733255678509,1411.4,0.274042288798711,1371.5,0.263253867710853,1394.6,0.267970716522875,1326.2,0.262769962353874,1389.2,0.26246977025393,1448.7,0.260463861920173,1513.2,0.254996461191062,1405.3,0.256184486373166,1455.5,0.253196486039837,1446.8,0.255857958866076,1565.3,0.252990043961727,1528,0.261679682148239,1618.8,0.258887876025524,1629.8,0.265098651572082,1772,0.293062102042504,1626.8,0.290396287040343,1676.9,0.299409002446123,1618.6,0.297356383076443,1729.8,0.290366441173015,1725,0.307925740806855,1779.8,0.300150091910215,1764.7,0.305702802896442,2030.5,0.349555846302162,1639.2,0.350024556383592,1739.6,0.352459680687252,1708.2,0.35036406522408,1852,0.361626930662137
      Humalog,,304.5,0.0819716262416884,320.5,0.0828829294783935,322.2,0.0833829352242437,352.2,0.0829623348173274,339.5,0.0803341141951208,358.4,0.077391492118333,362.5,0.0790311328159065,414.2,0.0798134731000463,407.4,0.0847408270238788,437.9,0.0850241733491253,432.5,0.0830166225190986,457.9,0.0879849355340776,450.6,0.0892807608480285,477.5,0.0902168984280532,500.2,0.0899316792520676,530.8,0.0894476087762461,506.4,0.0923161060978945,504.6,0.0877794207184483,494,0.087360956372575,549.1,0.088747737264029,525.4,0.08997807918893,586.9,0.0938604487517792,593.2,0.0964882317539322,662,0.109484825932358,590.3,0.105373081042485,613.4,0.10952202403271,575.8,0.10578141935958,616,0.103402548134222,632.7,0.112941806497679,628.6,0.10600873568646,616,0.106711014101098,733.9,0.126342790249277,650,0.138796950737759,700.1,0.141846989221169,706.1,0.1448261716747,729.1,0.142366196083026
      Humulin,,218.5,0.0588203623442001,219.8,0.0568413975018749,230,0.0595222690924148,257,0.0605375356276353,225.8,0.0534298762452379,242.8,0.0524292809328439,243.3,0.0530435161768553,273.4,0.0526822876522275,257.7,0.0536026291704801,271.4,0.0526959594586723,271.6,0.0521325194825137,262.3,0.0504006302480641,240.6,0.0476718842876957,248.1,0.046875,260.4,0.0468176914778856,273,0.0460045161942638,257.8,0.0469966274724273,265.2,0.0461337740280073,278,0.0491626434647285,287.9,0.0465315490043962,289.8,0.0496300863131936,311.8,0.0498648627037055,301.5,0.0490411359976577,345.6,0.0571570329942942,307.7,0.0549268118529097,303,0.0541003803096042,285.4,0.0524314294637444,343,0.0575764188474645,311.9,0.0556765440913959,327.5,0.055230450107088,307,0.0531822748848006,369.5,0.0636103842445944,316.2,0.0675193781896607,352.4,0.0713996271983143,335.9,0.0688954978976515,395.6,0.0772460117548279
      Forteo,,127.1,0.0342154144345438,146.1,0.037782202798107,149.1,0.0385859579203437,172.1,0.0405389489553153,153.4,0.0362982418778543,177.2,0.0382638738933276,180.5,0.0393520537193686,198.2,0.038191768151688,185,0.0384807388301855,206.6,0.0401141681067122,192.7,0.0369879841836539,194.5,0.0373729416059797,187.5,0.0371507826431543,203.3,0.0384106711003628,213.1,0.0383135562747213,212.8,0.0358599305719389,194.5,0.0354571142101905,209.6,0.0364616856571279,199.7,0.0353157550356341,226.3,0.0365755107318335,216.1,0.0370084943142896,231,0.0369428585136497,240.3,0.0390865173473869,262.6,0.0434300835193914,271.4,0.0484469832202785,276.4,0.0493509739853947,288.7,0.0530376793489244,314.6,0.0528091585114062,281.5,0.0502499107461621,296.9,0.0500699866772349,306.7,0.053130305235076,359.8,0.0619405040628013,300.4,0.0641455446178813,308.6,0.062525326201475,332.2,0.068136601374218,380.8,0.0743561205162752
      Other Pharnaceutical - Humatrope,,96.6,0.0260047917732253,108,0.0279293490910031,101.6,0.0262933153903884,109.4,0.025769674699079,107.9,0.0255318142022195,113.1,0.0244223709781905,105.6,0.0230225865527165,114.2,0.0220055495606598,114.3,0.0237748564772444,123.6,0.0239986020231831,111.1,0.0213251948251372,119.1,0.0228849220836616,104,0.0206063007727363,109.5,0.0206884824667473,111.9,0.0201186623516721,123.4,0.0207947153786526,101.6,0.0185215568316471,107.8,0.018752718100374,101.3,0.0179143013776151,111.7,0.0180534005689165,112.8,0.0193177147554459,111,0.0177517631818836,103.2,0.0167862196847704,109.7,0.0181427271975523,90.1,0.0160835415922885,100.2,0.0178906208152552,102.4,0.0188121176492201,98.9,0.0166014805364847,79.1,0.0141199571581578,90.8,0.0153127476938125,96.5,0.0167169039947337,91.2,0.0157003167607768,61.2,0.0130682667463859,94.5,0.0191466083150985,78,0.015998359142652,91.5,0.0178665573194306
      Trajenta,,—,,—,,—,,—,,—,,—,,—,,—,,—,,—,,—,,—,,—,,—,,—,,—,,—,,—,,—,,—,,—,,—,,—,,—,,—,,—,,—,,—,,42.6,0.00760442699036059,54.8,0.00924161424692649,64.7,0.0112081211239303,87.1,0.014994491116926,76.9,0.0164207469411287,90.3,0.0182956479455385,78.9,0.016182955594298,82.7,0.0161482436100209
      Evista,,241.6,0.0650388995073626,275.5,0.0712457006904756,257.9,0.066742579125799,270.3,0.0636704119850187,250,0.0591561960199711,278,0.0600302310516087,263.2,0.0573820528473009,285.8,0.0550716818251888,261.2,0.0543306431483484,279.8,0.0543269324117042,265.7,0.0510000383891896,269,0.0516880272082701,256.9,0.0509015256588072,251.3,0.0474795949214027,259.5,0.046655879180151,262.7,0.0442688146675205,241.6,0.0440433871114757,259.5,0.0451422110115682,256.8,0.0454135497904398,266.5,0.0430727954486682,266.1,0.0455713111385121,263.5,0.0421404468326696,270.1,0.0439337009385319,267.1,0.0441743157198379,256.2,0.0457336665476616,265.9,0.0474762083311015,247,0.0453768853452869,241,0.0404545683447199,240.6,0.0429489468047126,328.7,0.0554328212219843,255.3,0.0442261719156013,275.9,0.0474969012532709,150.1,0.0320514189319041,108.3,0.0219426209579382,89.5,0.0183570915803507,72.1,0.0140784566418683
      Axiron,,—,,—,,—,,—,,—,,—,,—,,—,,—,,—,,—,,—,,—,,—,,—,,—,,—,,—,,—,,—,,—,,2.2,0.000351836747749044,5.2,0.000845817270938044,15.5,0.00256346646820475,16.3,0.00290967511602999,17.7,0.00316031924580856,16,0.00293939338269065,23.9,0.00401188457858426,37.1,0.00662263477329525,47.1,0.00794306625967587,40.6,0.00703322592939057,53.9,0.00927902492769591,39.5,0.00843458392944844,47.1,0.00954291271577924,36.3,0.00744539021638806,47.6,0.00929451506453439
      Glucagon,,—,,—,,—,,—,,—,,—,,—,,—,,—,,—,,—,,—,,—,,—,,—,,—,,—,,—,,—,,—,,—,,—,,—,,—,,—,,—,,—,,—,,19.3,0.00344519814352017,24.9,0.00419920063409616,30.3,0.00524893462218065,23.4,0.00402837074783088,21.6,0.00461232943990092,25.8,0.00522732798443958,32.2,0.00660445082555635,25,0.0048815730380958
      Trulicity,,—,,—,,—,,—,,—,,—,,—,,—,,—,,—,,—,,—,,—,,—,,—,,—,,—,,—,,—,,—,,—,,—,,—,,—,,—,,—,,—,,—,,—,,—,,—,,—,,—,,—,,—,,10.2,0.00199168179954308
      Actos,,189,0.0508789404258756,92.6,0.0239468307946934,77,0.0199270205222432,89.8,0.0211528042776718,—,,—,,—,,93.2,0.0179589949129027,55.6,0.0115650220484233,51.7,0.0100382501990175,49.6,0.00952051902184345,42.2,0.00810867936129739,40,0.00792550029720626,43.1,0.00814313784764208,41.5,0.00746134483998562,46.2,0.00778537966364464,41.7,0.00760185944763467,44.2,0.00768896233800122,45.2,0.00799335066404938,58.4,0.00943884147918283,55.8,0.0095561035758323,45.9,0.00734059396440052,39.9,0.0064900209827746,38.4,0.00635078144381047,26.1,0.00465905033916458,21.5,0.00383880586355277,19.9,0.00365587051972149,22,0.00369294814765078,14.6,0.00260621206711889,13.6,0.00229353930215694,14.3,0.00247721997020407,14.3,0.00246178212367443,11.2,0.00239157822809677,9.3,0.00188426938973985,11.5,0.0023587324376987,9.6,0.00187452404662879
      Jardiance,,—,,—,,—,,—,,—,,—,,—,,—,,—,,—,,—,,—,,—,,—,,—,,—,,—,,—,,—,,—,,—,,—,,—,,—,,—,,—,,—,,—,,—,,—,,—,,—,,—,,0,,4.5,0.000922982258229925,5.6,0.00109347236053346
      Other Endocrinology,,—,,—,,—,,—,,—,,—,,—,,—,,—,,—,,—,,—,,—,,—,,—,,—,,—,,—,,—,,—,,21.2,0.00363063433347034,21.6,0.00345439715971789,30,0.00487971502464256,23.5,0.00388654593566526,20.2,0.00360585505176723,25.7,0.00458871212527006,33.9,0.00622783972957581,13.7,0.0022996995283098,65.6,0.011710103534452,21.7,0.00365954432770629,33.2,0.0057513079028514,21.7,0.00373571133452692,12.2,0.00260511199846256,3.4,0.000688872680119945,3.1,0.000635832222336171,2.1,0.000410052135200047
      Fluoxetine Products,,77.4,0.0208361375077395,80,0.0206884067340764,78.3,0.0202634507388525,—,,—,,—,,—,,—,,—,,—,,—,,—,,—,,—,,—,,—,,—,,—,,—,,—,,—,,—,,—,,—,,—,,—,,—,,—,,—,,—,,—,,—,,—,,—,,—,,—,
      Other Diabetes,,—,,—,,—,,13.8,0.00325065366405201,—,,—,,—,,18.6,0.00358409125944196,18.4,0.00382727348365089,17.6,0.00341727666349533,22.1,0.00424200545126492,18.1,0.00347789328055646,19.3,0.00382405389340202,21.7,0.00409990931076179,24.1,0.00433297375044948,16.7,0.0028141956792828,18.5,0.00337252757269164,20.8,0.00361833521788293,32.8,0.005800484552673,23.3,0.00376583915179726,—,,—,,—,,—,,—,,—,,—,,—,,—,,—,,—,,—,,—,,—,,—,,—,
      Byetta Service,,—,,52.1,0.0134733248855672,62.1,0.016071012654952,68.9,0.0162297128589263,—,,—,,—,,92.1,0.0177470325265916,16.4,0.00341126549629753,22.7,0.00440751024212182,26,0.00499059464854697,31.5,0.00605268720096843,27.3,0.00540915395284327,34.7,0.0065560761789601,38,0.00683207479323984,47.6,0.00802130025951265,43.2,0.00787530762920427,43.8,0.00761937896842655,39.1,0.00691460201248519,42.1,0.00680437031290406,40.8,0.00698725852856556,44.7,0.00714868301108286,45.6,0.00741716683745669,44.1,0.00729347556437609,43.1,0.00769368082827562,—,,42.2,0.00775265004684658,46.8,0.00785590787772984,—,,—,,—,,—,,—,,—,,—,,—,
      Bydureon,,—,,—,,—,,—,,—,,—,,—,,—,,—,,—,,—,,—,,—,,—,,—,,—,,—,,—,,—,,—,,—,,—,,0.8,0.000130125733990468,3.6,0.000595385760357232,5.4,0.000963941449482328,—,,7.3,0.00134109823085261,9.9,0.00166182666644285,—,,—,,—,,—,,—,,—,,—,,—,
    Human Pharmaceutical - Oncology,,468.9,0.12622822838991,496.5,0.128397424293362,511.8,0.132449988354339,542.7,0.127835488658045,553.9,0.131066467901848,602.7,0.130144677175556,609.4,0.132859509897968,669.5,0.129008016032064,673.3,0.140049088942508,715.1,0.138846280799177,754,0.144727244807862,734.6,0.141152508502584,729.2,0.14448187041807,762.4,0.144044740024184,816,0.146709816612729,854.2,0.143945266421759,832.2,0.15170905113481,866.7,0.15076976602592,903.4,0.159760906856243,827.9,0.133808507887251,763,0.130668584737635,743.7,0.11893681331862,736.7,0.119829535288472,757.1,0.125212933101794,724.6,0.129346661906462,765.4,0.136661488742479,711.3,0.130674407069241,759.7,0.127524213989559,764.2,0.136415565869332,774.9,0.130681147444221,821.8,0.142362193812147,874.5,0.150547445255474,764.3,0.163203860690568,858.4,0.173920090769106,882.4,0.180986565480464,887.9,0.17337394802101
      Alimta,,130.1,0.035023016663526,153,0.0395665778789211,157.2,0.0406821769622939,171.4,0.0403740607259793,187.8,0.0444381344502023,207.1,0.0447203627726193,215,0.0468736373942618,244.1,0.0470363804532141,247.2,0.051418587236875,275,0.0533949478671145,313.9,0.0602518330838036,318.7,0.0612378225697981,335.3,0.0664355062413315,385.3,0.0727970072551391,461.9,0.0830456670262495,523.6,0.0882343028546392,527.4,0.0961443806398687,551.8,0.0959902583282596,560.3,0.099085716306789,569.1,0.0919802172226532,579.9,0.0993115495273325,613.4,0.0980984823042108,629.7,0.102425218367247,638.1,0.105532126023319,606.8,0.108318457693681,659.5,0.117753138000607,643.6,0.118237098818731,684.3,0.114867473519883,616.8,0.110103534451981,669.5,0.112906217852505,690.5,0.119616810449364,726.2,0.125017215259606,632,0.134953342871175,711.6,0.144176999756868,723.4,0.148374525689673,725,0.141565618104778
      Erbitux Royalty,,—,,—,,—,,—,,—,,—,,—,,—,,—,,—,,—,,—,,—,,—,,—,,—,,—,,—,,—,,—,,—,,—,,—,,—,,—,,—,,—,,—,,69.6,0.0124241342377722,—,,81,0.0140318054256314,85.3,0.014684616444016,77.7,0.0165915739574214,81.1,0.0164316395169787,84.1,0.0172495128704748,84.4,0.0164801905766114
      Cyramza,,—,,—,,—,,—,,—,,—,,—,,—,,—,,—,,—,,—,,—,,—,,—,,—,,—,,—,,—,,—,,—,,—,,—,,—,,—,,—,,—,,—,,—,,—,,—,,—,,—,,13.7,0.00277575168165978,28.4,0.0058250435852733,33.6,0.00656083416320075
      Gemzar,,338.8,0.0912052117263844,343.5,0.0888308464144405,354.6,0.09176781139204471,371.3,0.0874614279320661,366.1,0.0866283334516457,395.6,0.0854243144029367,394.4,0.0859858725037063,425.5,0.0819909048866965,426.2,0.0886513021050004,440.1,0.0854513329320622,440.2,0.0844946063188606,413.3,0.0794150990527064,367.8,0.0728749752328116,353.2,0.0667321644498186,331.8,0.0596548004314995,310.5,0.0523238178693,287.8,0.0524655911038192,293.4,0.0510394015830217,324.6,0.0574035757865139,243.6,0.0393716058960435,156.1,0.0267331141252226,112.4,0.0179756592940875,91,0.0148018022414158,92.6,0.0153146448358555,84.8,0.0151374509103891,76.1,0.0135875872658775,61.7,0.0113350357320008,67.3,0.0112970641062226,52.7,0.0094073545162442,93.5,0.015768082702329,44.3,0.00767418494266015,48.6,0.00836661616857182,41.7,0.00890435822425317,39.8,0.00806386254963935,38,0.00779407240283048,33.1,0.00646320270243883
      Erbitux Mfg,,—,,—,,—,,—,,—,,—,,—,,—,,0,,0,,0,,2.6,0.000499586880079934,26.1,0.00517138894392709,23.9,0.00451556831922612,22.3,0.00400934915498022,20.1,0.00338714569781942,17,0.00309907939112205,21.5,0.0037401061146386,18.5,0.00327161476294056,15,0.00242435996896819,27.1,0.00464104671872859,18,0.00287866429976491,16.2,0.00263504611330698,26.4,0.0043661622426197,34,0.00606926097822206,28.7,0.00512435945506812,6.2,0.00113901493579263,7.5,0.00125895959579004,25.2,0.00449839343091753,12.5,0.00210803244683542,6.2,0.00107403942764092,14.7,0.00253064316209888,13.2,0.00281864576882834,12.4,0.0025123591863198,8.8,0.00180494308276074,11.7,0.00228457618182883
      Other Oncology,,—,,—,,—,,0,,—,,—,,—,,0,,0,,0,,0,,0,,0,,0,,0,,0,,0,,0,,0,,0.2,3.23247995862426e-05,-0.1,-1.7125633648445e-05,-0.1,-1.59925794431384e-05,-0.1,-1.62657167488085e-05,0,,-1,-0.000178507675830061,1.1,0.000196404020925956,-0.2,-3.67424172836331e-05,0.6,0.000100716767663203,-0.1,-1.78507675830061e-05,-0.6,-0.0001011855574481,-0.2,-3.46464331497072e-05,-0.3,-5.16457788183446e-05,-0.2,-4.27067540731567e-05,-0.2,-4.05219223599968e-05,-0.3,-6.15321505486617e-05,0.1,1.95262921523832e-05
    Neuroscience,,1406.3,0.378577004872533,1569.5,0.405880679614161,1559.7,0.403638622188867,1859.2,0.43794313711634,1714.3,0.405645867348146,1874.8,0.404836968257396,1809.8,0.394567018400628,2168.8,0.417912748574071,1971.4,0.410059073134204,2126.7,0.412927402287245,2160.4,0.414680026104649,2113,0.406010414464962,2077.6,0.411650485436893,2185.7,0.412957224909311,2252.1,0.404908306364617,2461,0.414714704593711,2244.1,0.409096709506882,2363.7,0.411185526659128,2227.2,0.393867048649796,2562.5,0.414161494698733,2405.3,0.411922866146047,2653.9,0.42442706584145,2488,0.404691032710356,2176.7,0.359993384602663,1903.7,0.339825062477687,1824.5,0.325762851072187,1815.7,0.333566035309463,2031.2,0.34095983079583,1848.8,0.330024991074616,2054.6,0.346493077221445,1878.1,0.325347330492326,1484.8,0.255612174631593,964.4,0.205931968140761,893.7,0.181072210065646,870,0.178443236591119,868.5,0.169585847343448
      Cymbalta,,233.3,0.062804533340512,310.4,0.0802710181282164,348.6,0.0902150565461557,424.1,0.099898711516265,441.8,0.104540829606493,519.5,0.112178795076657,513.2,0.111886282375512,628.3,0.121069061199322,605.1,0.125863216573758,654.5,0.127079975923733,716.4,0.137510077162271,721.2,0.138577714582172,709.3,0.14053893402021,744.4,0.140643893591294,790.2,0.142071197411003,830.8,0.140002022176536,803.2,0.146422386291131,867.7,0.150943724449857,806.1,0.142553981643589,982.2,0.158747090768037,908.8,0.155637758597068,1003.4,0.160469542132451,1068.6,0.173815449177768,1181,0.195319606383858,1114.9,0.199018207782935,1223.1,0.218383416358669,1235.8,0.227031396395569,1420.4,0.23843016131469,1328.2,0.237093895037487,1497.2,0.252491694352159,1375.8,0.238332813636836,883.2,0.152045172841206,478.2,0.102111848988918,401.3,0.0813072372153335,368,0.0754794380063583,367.3,0.0717200710757034
      Zyprexa,,1007.4,0.271192828492207,1115,0.28834466885619,1084.7,0.280712196889314,1156.5,0.272418910324359,1060,0.250822271124678,1213,0.2619304685813,1166.1,0.254229528211389,1273.9,0.245471712656081,1120.2,0.233006073716615,1239.7,0.240704424984952,1189.5,0.228319705171024,1146.7,0.220337028995254,1123,0.222508420844066,1203.2,0.2273276904474,1223,0.219884933477166,1366.5,0.23027535303832,1215,0.22149302707137,1262.9,0.219692093589632,1212.7,0.214458768811785,1335.8,0.215897336436514,1281.9,0.219533497739416,1408.3,0.225223496297718,1182.3,0.192309569121163,749.6,0.12397254610105,562.7,0.100446269189575,379.5,0.0677593872194547,374.5,0.068800176363603,384.8,0.0645930203280009,284.8,0.0508389860764013,283.2,0.0477595831155033,278.7,0.048279804594117,348.2,0.059943533948492,283.1,0.0604514103905533,243.8,0.049396223356836,257.4,0.0527945851707517,253.1,0.0494210454376818
      Strattera,,152.2,0.0409723530836945,144.1,0.0372649926297551,126.4,0.0327113687533967,156.3,0.0368171860645891,139.9,0.0331038072927758,142.3,0.0307277045994386,130.5,0.0284512078137263,156.8,0.0302142747032527,148,0.0307845910641484,135.4,0.0262897306952993,149.5,0.0286959192291451,146.8,0.0282074438445132,158.9,0.0314840499306519,142.8,0.0269800483675937,145.5,0.0261596548004315,162.2,0.0273330861784234,146.4,0.0266885425211922,147.1,0.0255892841610855,127.9,0.0226183528745999,155.4,0.0251163692785105,138.7,0.0237532538703932,157.7,0.0252202977818292,153.2,0.0249190780591747,170.6,0.0282146696435955,158.9,0.0283648696893966,153,0.0273180138197011,145.6,0.0267484797824849,163.9,0.0275124636999983,166.7,0.0297572295608711,218.3,0.0368146786515338,173.2,0.0300038111076465,201.1,0.034619887067897,154.4,0.032969614144477,197.4,0.0399951373693168,191.9,0.0393600656342939,194.9,0.0380567434049948
      Prozac Family,,—,,—,,—,,79.4,0.0187030362989659,72.6,0.0171789593241996,—,,—,,72.6,0.0139895174965315,66.2,0.0137698643813961,63.1,0.0122517134924179,64.5,0.0123805136473569,60.7,0.0116634321618662,53,0.0105012878937983,58.1,0.0109771765417171,58.3,0.0104818410643653,60.1,0.0101277341511914,51.8,0.0094430772035366,51.3,0.00892406714795164,48.6,0.00859462040426548,54.3,0.00877618308766486,44.5,0.00762090697355802,49,0.00783636392713781,49.9,0.00811659265765546,45.5,0.00752501447118168,42.6,0.00760442699036059,44.4,0.0079275804810113,44.4,0.00815681663696655,48.4,0.00812448592483172,43.2,0.00771153159585862,45.9,0.00774069514477967,43.4,0.00751827599348647,42.3,0.00728205481338659,40.2,0.00858405756870449,42,0.00850960369559932,44.1,0.00904522613065327,45,0.00878683146857243
      Other Neuroscience,,—,,—,,—,,0.3,7.06663840011307e-05,—,,—,,—,,0,,0.3,6.24011981030036e-05,0.3,5.82490340368522e-05,0.1,1.91945948021037e-05,0,,0,,0,,0.1,1.79791441927364e-05,0.2,3.37029422668599e-05,0,,0,,0,,0,,13.9,0.00238046307713385,13.9,0.00222296854259624,13.7,0.00222840319458677,12.8,0.00211692714793682,10.4,0.00185647982863263,10.3,0.00183905583230668,9.3,0.00170852240368894,11.1,0.00186326020176926,25.4,0.00453409496608354,9.2,0.00155151188087087,6.2,0.00107403942764092,9,0.00154937336455034,7.7,0.00164421003181653,8.4,0.00170192073911986,7.9,0.00162034663111476,8.3,0.0016206822486478
      Amyvid,,—,,—,,—,,—,,—,,—,,—,,—,,—,,—,,—,,—,,—,,—,,—,,—,,—,,—,,—,,—,,—,,—,,—,,—,,—,,—,,—,,—,,0.5,8.92538379150304e-05,0.8,0.000134914076597467,0.8,0.000138585732598829,1,0.000172152596061149,0.8,0.000170827016292627,0.8,0.000162087689439987,0.7,0.000143575017946877,1.1,0.000214789213676215
      Yentreve,,—,,—,,—,,5.5,0.00129555037335406,—,,—,,—,,5.5,0.00105981193155542,5.4,0.00112322156585406,7.2,0.00139797681688445,6.3,0.00120925947253253,6.2,0.00119132256019061,6.2,0.00122845254606697,5.5,0.00103914752116082,4.4,0.000791082344480403,5.5,0.000926830912338647,5.5,0.00100264333242184,4.7,0.000817604592502392,4.5,0.000795798185580137,5.3,0.000856607189035428,—,,—,,—,,—,,—,,—,,—,,—,,—,,—,,—,,—,,—,,—,,—,,—,
      Permax,,—,,—,,—,,21.7,0.00511153510941512,—,,—,,—,,13.2,0.002543548635733,9.4,0.00195523754056078,12.4,0.00240762674018989,10.5,0.00201543245422089,12.2,0.00234421536037507,9,0.00178323756687141,10.5,0.00198382708585248,9.4,0.00169003955411722,11.4,0.00192106770921101,7.2,0.00131255127153404,8.8,0.00153083413064278,8.1,0.00143243673404425,7.7,0.00124450478407034,—,,—,,—,,—,,—,,—,,—,,—,,—,,—,,—,,—,,—,,—,,—,,—,
      Symbyax,,13.4,0.00360728995612028,—,,—,,15.4,0.00362754104539137,—,,—,,—,,18.5,0.0035648219515955,16.8,0.0034944670937682,14.3,0.00277653728908996,23.6,0.00452992437329648,19.3,0.00370847184059336,18.2,0.00360610263522885,21.2,0.00400544135429262,21.4,0.00384753685724559,24.3,0.00409490748542348,15.1,0.00275271169446723,21.2,0.0036879185874576,19.4,0.00343077440005659,21.6,0.0034910783553142,17.6,0.00301411152212632,21.8,0.00348638231860417,20.8,0.00338326908375217,17.3,0.00286115934838336,14.2,0.00253480899678686,—,,6.3,0.00115738614443444,2.6,0.000436439326540547,—,,—,,—,,—,,—,,—,,—,,—,
    Cardiovascular,,179.8,0.0484022935903303,171.2,0.0442731904109235,164.6,0.0425972412722238,126.7,0.0298447695098108,193.1,0.0456922458058257,293.1,0.0632908659036925,311.4,0.0678904683003401,469.3,0.0904308617234469,462,0.0960978450786255,476.6,0.0925382987398792,477.4,0.0916349955852432,466.6,0.0896566300943451,455.1,0.0901723796314642,454.1,0.0857957980652963,509.9,0.091675656238763,552,0.0930201206565333,519.7,0.0947406799744782,530.1,0.0922153605288336,516.5,0.0913399473004757,599.3,0.0968612619601759,577.9,0.0989690368543636,636.1,0.101728797837803,624.8,0.101628198246556,647.5,0.107086744397585,629.9,0.112441985005355,638.2,0.113950041959041,641.2,0.117796189811328,684.3,0.114867473519883,693.9,0.123866476258479,718.9,0.121237162082399,715.6,0.123964937809652,782.3,0.134674975898637,712.8,0.15220687151673,765.3,0.155057135910528,757.2,0.155307147984822,818.3,0.159783648682952
      Cialis,,55.4,0.0149137211618704,50.5,0.0130595567508857,55.6,0.0143888615719055,—,,193.1,0.0456922458058257,293.1,0.0632908659036925,311.4,0.0678904683003401,346.2,0.066710343764452,336.9,0.070076545469673,362.2,0.0703260004271596,376.6,0.0722868440247226,368.8,0.0708644774513383,358.8,0.0710917376659402,363.6,0.0686970979443773,397.2,0.0714131607335491,439.5,0.0740622156314246,408.3,0.0744325950232431,418.7,0.0728363921022876,406.5,0.0718871027640724,465.9,0.0753006206361521,434.4,0.074393752568845,477.2,0.0763165891026564,469.8,0.0764163372859025,494.2,0.0817332341023733,461.8,0.082434844698322,469.5,0.0838288071133965,482.1,0.0885675968621976,513.4,0.0861799808638141,515,0.0919314530524813,517,0.087188222001113,526.7,0.091241381699754,588.3,0.101277372262774,532.4,0.113685379342743,567.8,0.115041737580031,568.4,0.116582914572864,622.4,0.121531642356433
      Effient (Prasugrel),,—,,—,,—,,—,,—,,—,,—,,—,,0,,0,,0,,0,,0.3,5.9441252229047e-05,0.3,5.66807738814994e-05,22.6,0.00406328658755843,3.8,0.000640355903070338,8.8,0.00160422933187494,22.9,0.00398364790814995,36.3,0.0064194386970131,47.1,0.00761249030256013,56.3,0.00964173174407453,71.7,0.0114666794607302,83.5,0.0135818734852551,90.9,0.0150334904490201,115.8,0.020671188861121,111,0.0198189512025283,109.7,0.0201532158800727,120.6,0.0202440703003038,115.9,0.020689039628704,137.4,0.023171492655615,124.9,0.0216366975019922,130.6,0.022483129045586,119.3,0.025474578804638,133.6,0.0270686441364778,131.5,0.0269715926571634,137.8,0.026907230585984
      Reopro,,74.1,0.0199477750558592,72.3,0.0186971475859215,66.9,0.0173132165316633,67,0.0157821590935858,—,,—,,—,,71.3,0.0137390164945275,68.9,0.0143314751643232,67.5,0.0131060326582917,60.4,0.0115935352604706,59.5,0.0114328536018293,57.9,0.0114721616802061,57.6,0.0108827085852479,53.8,0.0096727795756922,62.2,0.0104816150449934,59.5,0.0108467778689272,50.1,0.00871531703922763,44.6,0.00788724423930536,51,0.00824282389449186,47.4,0.00811755034936293,47.9,0.00766044555326329,38.2,0.00621350379804486,40,0.00661539733730257,38.7,0.00690824705462335,40.3,0.00719552913028728,31.9,0.00586041555673948,32.2,0.00540513319792523,33.4,0.00596215637272403,32.9,0.00554834140007083,31.6,0.00547413643765374,28.9,0.0049752100261672,28.3,0.00604300570135167,29.2,0.00591620066455953,24.3,0.0049841041944416,28.8,0.00562357213988636
      Adcirca,,—,,—,,—,,—,,—,,—,,—,,—,,—,,—,,—,,—,,—,,—,,—,,—,,—,,—,,—,,—,,—,,—,,—,,—,,—,,—,,—,,—,,14.1,0.00251695822920386,15.2,0.00256336745535187,16.2,0.00280636108512629,14.4,0.00247899738328054,16.5,0.00352330721103543,19.5,0.00395088743009968,19.7,0.00404061121936212,17,0.00331946966590514
      Other Cardiovascular,,—,,—,,—,,8.4,0.00197865875203166,—,,—,,—,,6.8,0.00131031293355943,5.1,0.00106082036775106,5.5,0.00106789895734229,6.1,0.00117087028292833,4.3,0.000826239840132198,4.3,0.000851991281949673,5.1,0.00096357315598549,7.5,0.00134843581445523,9.3,0.00156718681540899,10.7,0.00195059702852976,10.7,0.00186135513612247,10,0.0017684404124003,10.6,0.00171321437807086,11.7,0.00200369913686806,13.9,0.00222296854259624,13,0.00211454317734511,16.4,0.00271231290829405,13.7,0.00244555515887183,17.6,0.00314246433481529,17.5,0.0032149615123179,18.1,0.00303828915783996,15.6,0.00278471974294895,16.4,0.00276573857024807,16.3,0.00282368430170114,20.1,0.00346026718082909,16.3,0.00348060045696227,15.3,0.00309992706053975,13.3,0.00272792534099067,12.3,0.00240173393474313
      Xigris,,50.3,0.0135407973726007,48.4,0.0125164860741162,42.1,0.0108951631686551,51.3,0.0120839516641933,—,,—,,—,,45,0.00867118853090797,51.1,0.0106290040768783,41.4,0.00803836669708561,34.2,0.00656455142231947,34,0.00653305920104529,33.7,0.00667723400039628,27.5,0.00519573760580411,28.8,0.00517799352750809,37.3,0.00628559873276937,32.3,0.00588825084313189,27.7,0.00481864834304601,19.2,0.00339540559180858,24.8,0.00400827514869408,28.1,0.00481230305521304,25.4,0.00406211517855715,20.4,0.00331820621675694,5.9,0.00097577110725213,-0.1,-1.78507675830061e-05,—,,0,,0,,—,,—,,—,,—,,—,,—,,—,,—,
    Other Pharmaceutical,,118.8,0.0319810482676932,64.5,0.0166800279293491,75.1,0.019435314821045,64.6,0.0152168280215768,473.1,0.111947185348193,476.2,0.102828762686245,464.5,0.101268858463417,6.2,0.00119469708648065,0.1,2.08003993676679e-05,-3.8,-0.000737821097800128,-3.3,-0.000633421628469423,8.6,0.0016524796802644,-3.3,-0.000653853774519516,1.6,0.00030229746070133,-0.2,-3.59582883854729e-05,3.9,0.000657207374203768,0.1,1.82298787713062e-05,6.9,0.00120031312516309,-0.3,-5.30532123720091e-05,12.2,0.0019718127747608,1.5,0.000256884504726675,-0.6,-9.59554766588303e-05,1.1,0.000178922884236894,4,0.000661539733730257,-6,-0.00107104605498036,7,0.00124984376952881,3.2,0.000587878676538129,6.8,0.00114145670018297,71,0.0126740449839343,58,0.00978127055331636,62.1,0.0107577174929841,58.3,0.010036496350365,75,0.0160150327774338,77.4,0.0156819839533187,73,0.0149728233001743,61.3,0.0119696170894109
      Human Pharmaceutical - Other,,—,,—,,—,,64.6,0.0152168280215768,—,,—,,—,,6.2,0.00119469708648065,0.1,2.08003993676679e-05,-3.8,-0.000737821097800128,-3.3,-0.000633421628469423,8.6,0.0016524796802644,-3.3,-0.000653853774519516,1.6,0.00030229746070133,-0.2,-3.59582883854729e-05,3.9,0.000657207374203768,0.1,1.82298787713062e-05,6.9,0.00120031312516309,-0.3,-5.30532123720091e-05,12.2,0.0019718127747608,1.5,0.000256884504726675,-0.6,-9.59554766588303e-05,1.1,0.000178922884236894,4,0.000661539733730257,-6,-0.00107104605498036,7,0.00124984376952881,3.2,0.000587878676538129,6.8,0.00114145670018297,52.9,0.00944305605141021,18.2,0.00306929524259237,42.7,0.00739701347746249,38.8,0.00667952072717257,47,0.0100360872071918,51.9,0.0105154388524192,47.6,0.00976310122038765,41.4,0.00808388495108664
      Vancocin,,—,,—,,—,,—,,—,,—,,—,,—,,—,,—,,—,,—,,—,,—,,—,,—,,—,,—,,—,,—,,—,,—,,—,,—,,—,,—,,—,,—,,18.1,0.0032309889325241,39.8,0.00671197531072398,19.4,0.0033607040155216,19.5,0.0033569756231924,28.1,0.00600029894727851,25.5,0.00516654510089959,25.4,0.00520972207978669,20,0.00390525843047664
    Anti-Infectives,,87.9,0.0236627453091771,69.6,0.0179989138586465,58.5,0.0151393597474185,58.7,0.0138270558028879,—,,—,,—,,56.9,0.010964236164637,51.2,0.0106498044762459,53.2,0.0103294953692018,55.5,0.0106530001151676,46.3,0.00889648944142344,43,0.00851991281949673,44.8,0.00846432889963724,44.4,0.00798274002157497,43.5,0.00733038994304203,41.5,0.00756539969009206,42.2,0.00734104549012786,39.9,0.00705607724547721,42.3,0.0068366951124903,44.5,0.00762090697355802,45.2,0.00722864590829855,40.2,0.00653881813302103,31.1,0.00514347142975275,43.8,0.00781863620135666,31.2,0.00557073222989983,31.3,0.00575018830488858,34.1,0.00572406962885871,—,,—,,—,,—,,—,,—,,—,,—,
      Other Anti-infectives,,—,,—,,—,,19,0.00447553765340494,—,,—,,—,,19.4,0.00373824572221366,14.3,0.0029744571095765,13,0.0025241248082636,15.6,0.00299435678912818,13.8,0.00265165344042427,9,0.00178323756687141,7.7,0.00145480652962515,8.3,0.00149226896799712,8.6,0.00144922651747498,7.3,0.00133078115030535,4.7,0.000817604592502392,6.1,0.00107874865156419,7.3,0.00117985518489785,6.7,0.00114741745444581,5.4,0.000863599289929473,4.2,0.000683160103449958,4,0.000661539733730257,5,0.000892538379150304,15.3,0.00273180138197011,4.3,0.000789961971598111,5.7,0.00095680929280043,—,,—,,—,,—,,—,,—,,—,,—,
      Ceclor,,—,,—,,—,,15.2,0.00358043012272395,—,,—,,—,,16.2,0.00312162787112687,14.6,0.00303685830767951,15.7,0.00304836611459527,17.3,0.00332066490076394,15.6,0.0029975212804796,14,0.00277392510402219,12.9,0.00243727327690447,14.7,0.00264293419633225,14.8,0.00249401772774763,13.3,0.00242457387658372,14.7,0.00255718883186918,10.9,0.00192760004951633,14.5,0.00234354797000259,13,0.00222633237429785,15.3,0.00244686465480017,10.8,0.00175669740887132,13.5,0.00223269660133962,19.3,0.00344519814352017,—,,10.6,0.00194734811603255,14,0.00235005791214141,—,,—,,—,,—,,—,,—,,—,,—,
      Vancocin,,—,,—,,—,,24.5,0.005771088026759,—,,—,,—,,21.3,0.00410436257129644,22.3,0.00463848905898993,24.5,0.00475700444634293,22.6,0.00433797842527544,16.9,0.00324731472051957,20,0.00396275014860313,24.2,0.00457224909310762,21.4,0.00384753685724559,20.2,0.00340399716895285,20.9,0.00381004466320299,22.8,0.00396625206575628,23,0.0040674129485207,20.5,0.00331329195758986,24.8,0.00424715714481436,24.5,0.0039181819635689,25.3,0.00411522633744856,13.5,0.00223269660133962,19.5,0.00348089967868618,15.9,0.00283893084792972,16.4,0.00301287821725791,14.4,0.00241720242391687,—,,—,,—,,—,,—,,—,,—,,—,
  Animal Health,,198.3,0.0533825073357202,201,0.0519796219193669,216.2,0.0559509329468699,259.9,0.0612206440063129,215.1,0.0508979910555832,214.7,0.0463614770028072,236.6,0.0515828028254992,329.4,0.0634731000462463,235.3,0.0489433397121225,254.5,0.0494145972079296,277.1,0.0531882221966294,326.4,0.0627173683300348,264.1,0.0523281157123043,275.4,0.0520329504232164,314.6,0.0565623876303488,353.1,0.0595025445721411,289.6,0.0527937289217027,324.2,0.0563973210402714,353.2,0.0624613153659787,424.4,0.0685932247220067,369.8,0.0633305932319496,389.5,0.062291096931024,451,0.0733583825371265,468.2,0.0774332258331266,490.7,0.0875937165298108,512.3,0.0914707090185155,479.5,0.0880899454375103,554.1,0.0930119349369681,499.1,0.0890931810067833,543.5,0.0916572507884041,530.3,0.0918650174964487,578.4,0.0995730615617684,527.4,0.112617710490914,601.2,0.12180889861415,584.7,0.119926161419342,633.3,0.123660008201043
    Food and Other,,—,,—,,—,,—,,—,,—,,—,,—,,—,,—,,—,,—,,—,,—,,—,,—,,—,,—,,—,,—,,—,,—,,—,,—,,—,,—,,—,,—,,354.7,0.0633166726169225,375.8,0.0633758874816601,412.3,0.0714236219381215,469.3,0.0807912133314971,388.8,0.0830219299182166,469,0.0950239079341924,449.4,0.0921751615218952,523.2,0.102161560541269
    Companion,,—,,—,,—,,—,,—,,—,,—,,—,,—,,—,,—,,—,,—,,—,,—,,—,,—,,—,,—,,—,,—,,—,,—,,—,,—,,—,,—,,—,,144.3,0.0257586576222778,167.9,0.0283150918258934,118,0.0204413955583273,109.1,0.0187818482302713,138.6,0.0295957805726976,132.2,0.0267849906799579,135.3,0.0277509998974464,110.1,0.0214984476597739
  Collaboration,,—,,—,,—,,—,,—,,—,,—,,—,,98.2,0.0204259921790498,116.6,0.0226394578956566,117.1,0.0224768705132635,114.2,0.0219433929635109,155.2,0.0307509411531603,179.5,0.0339139963724305,176.5,0.0317331895001798,153.3,0.0258333052475481,153,0.0278917145200984,159.4,0.0277289727755067,168,0.0297097989283251,153.4,0.0247931212826481,149.3,0.0255685710371284,166.3,0.0265956596139391,176.3,0.0286764586281494,189.9,0.031406598858844,188.5,0.0336486968939664,145.2,0.0259253307622262,142.5,0.0261789723145886,157.3,0.0264045792557031,—,,—,,—,,—,,—,,—,,—,,—,
    Exenatide,,—,,—,,—,,—,,—,,—,,—,,—,,—,,—,,—,,—,,—,,—,,—,,—,,—,,—,,—,,—,,—,,—,,—,,—,,51.6,0.00921099607283113,14.1,0.00251754245005089,4.7,0.000863446806165378,—,,—,,—,,—,,—,,—,,—,,—,,—,
    Livalo,,—,,—,,—,,—,,—,,—,,—,,—,,—,,—,,—,,—,,—,,—,,—,,—,,—,,—,,1.1,0.000194528445364033,2.7,0.000436384794414275,—,,—,,—,,—,,—,,—,,—,,—,,—,,—,,—,,—,,—,,—,,—,,—,
    Cymbalta,,—,,—,,—,,—,,—,,—,,—,,—,,—,,—,,—,,—,,—,,—,,—,,—,,—,,—,,19.2,0.00339540559180858,2.3,0.00037173519524179,—,,—,,—,,—,,—,,—,,—,,—,,—,,—,,—,,—,,—,,—,,—,,—,
    Other,,—,,—,,—,,—,,—,,—,,—,,—,,3.4,0.000707213578500707,9.6,0.00186396908917927,5.3,0.0010173135245115,3.8,0.000730165440116827,4.7,0.000931246284921736,11.4,0.00215386940749698,6.9,0.00124056094929881,5.7,0.000960533854605507,5,0.000911493938565309,12,0.00208750108724015,7.1,0.00125559269280422,5.6,0.000905094388414792,11.3,0.00193519660227428,19.4,0.00310256041196885,32.1,0.00522129507636754,39.2,0.00648308939055652,44.8,0.00799714387718672,36.6,0.00653489742353634,34.8,0.00639318060735216,37.9,0.00636194249072566,—,,—,,—,,—,,—,,—,,—,,—,
    Actos,,—,,—,,—,,—,,—,,—,,—,,—,,28.5,0.00592811381978534,28.5,0.00553365823350096,28.5,0.00547045951859956,12.2,0.00234421536037507,12.2,0.00241727759064791,12.3,0.00232391172914148,12.2,0.00219345559151384,0,,—,,—,,—,,0,,—,,—,,—,,—,,—,,—,,—,,—,,—,,—,,—,,—,,—,,—,,—,,—,
    Erbitux Royalty,,—,,—,,—,,—,,—,,—,,—,,—,,0,,0,,0,,26.7,0.00513037296082086,68,0.0134733505052506,75.8,0.0143213422007255,79.6,0.0143113987774182,74.8,0.0126049004078056,75.5,0.0137635584723362,82.3,0.0143167782899887,76.9,0.0135993067713583,79.5,0.0128491078355314,76.9,0.0131696122756542,82.1,0.0131299077228166,81.1,0.0131914962832837,81.5,0.013478872074754,79.3,0.0141556586933238,81.4,0.0145338975485207,80.4,0.0147704517480205,79.5,0.0133449717153744,—,,—,,—,,—,,—,,—,,—,,—,
    Tradjenta,,—,,—,,—,,—,,—,,—,,—,,—,,—,,—,,—,,—,,—,,—,,—,,—,,—,,1.9,0.00033052100547969,—,,—,,—,,5.6,0.000895584448815749,2.8,0.000455440068966639,6.7,0.00110807905399818,12.8,0.00228489825062478,13.1,0.0023389933401182,22.6,0.00415189315305054,39.9,0.00669766504960301,—,,—,,—,,—,,—,,—,,—,,—,
    Byetta,,—,,—,,—,,—,,—,,—,,—,,—,,66.3,0.0137906647807638,78.5,0.0152418305729763,83.2,0.0159699028753503,71.5,0.0137386392021982,70.2,0.013909253021597,79.9,0.0150959794437727,77.8,0.0139877741819489,72.9,0.0122847224562704,72.5,0.013216662109197,63.2,0.0109941723927981,63.6,0.0112472810228659,63.2,0.0102146366692527,61,0.0104466365255514,59.2,0.00946760703033792,60.3,0.00980822719953155,62.6,0.0103530968328785,—,,—,,—,,—,,—,,—,,—,,—,,—,,—,,—,,—,
Net Sales % Increased at Constant Currency,,—,,—,,—,,—,,—,,—,,—,,—,,—,,—,,—,,—,,—,,—,,—,,—,,—,,—,,—,,—,,—,,—,,—,,—,,—,,—,,—,,—,,—,,—,,—,,—,,—,,—,,—,,—,
  Animal Health,,—,,—,,—,,—,,—,,—,,—,,—,,—,,—,,—,,—,,—,,—,,—,,—,,—,,—,,—,,—,,—,,—,,—,,—,,—,,—,,—,,—,,—,,7,,12,,6,,7,,11,,10,,12,
    Food and Other,,—,,—,,—,,—,,—,,—,,—,,—,,—,,—,,—,,—,,—,,—,,—,,—,,—,,—,,—,,—,,—,,—,,—,,—,,—,,—,,—,,—,,—,,—,,11,,6,,11,,25,,9,,14,
    Companion,,—,,—,,—,,—,,—,,—,,—,,—,,—,,—,,—,,—,,—,,—,,—,,—,,—,,—,,—,,—,,—,,—,,—,,—,,—,,—,,—,,—,,—,,—,,13,,5,,-4,,-22,,15,,4,
  Human Pharmaceutical,,—,,—,,—,,—,,—,,—,,—,,—,,—,,—,,—,,—,,—,,—,,—,,—,,—,,—,,—,,—,,—,,—,,—,,—,,—,,—,,—,,—,,—,,8,,8,,0,,-14,,-17,,-15,,-10,
    Cardiovascular,,—,,—,,—,,—,,—,,—,,—,,—,,—,,—,,—,,—,,—,,—,,—,,—,,—,,—,,—,,—,,—,,—,,—,,—,,—,,—,,—,,—,,—,,14,,10,,13,,4,,4,,5,,9,
      Adcirca,,—,,—,,—,,—,,—,,—,,—,,—,,—,,—,,—,,—,,—,,—,,—,,—,,—,,—,,—,,—,,—,,—,,—,,—,,—,,—,,—,,—,,—,,25,,23,,14,,21,,28,,22,,24,
      Cialis,,—,,—,,—,,—,,—,,—,,—,,—,,—,,—,,—,,—,,—,,—,,—,,—,,—,,—,,—,,—,,—,,—,,—,,—,,—,,—,,—,,—,,—,,14,,10,,16,,6,,7,,8,,11,
      Effient (Prasugrel),,—,,—,,—,,—,,—,,—,,—,,—,,—,,—,,—,,—,,—,,—,,—,,—,,—,,—,,—,,—,,—,,—,,—,,—,,—,,—,,—,,—,,—,,24,,13,,7,,3,,-4,,5,,7,
      Reopro,,—,,—,,—,,—,,—,,—,,—,,—,,—,,—,,—,,—,,—,,—,,—,,—,,—,,—,,—,,—,,—,,—,,—,,—,,—,,—,,—,,—,,—,,-18,,-2,,-11,,-15,,-13,,-24,,5,
      Other Cardiovascular,,—,,—,,—,,—,,—,,—,,—,,—,,—,,—,,—,,—,,—,,—,,—,,—,,—,,—,,—,,—,,—,,—,,—,,—,,—,,—,,—,,—,,—,,23,,19,,17,,-19,,-7,,18,,-38,
    Other Pharmaceutical,,—,,—,,—,,—,,—,,—,,—,,—,,—,,—,,—,,—,,—,,—,,—,,—,,—,,—,,—,,—,,—,,—,,—,,—,,—,,—,,—,,—,,—,,-13,,4,,-8,,4,,34,,-18,,6,
      Human Pharmaceutical - Other,,—,,—,,—,,—,,—,,—,,—,,—,,—,,—,,—,,—,,—,,—,,—,,—,,—,,—,,—,,—,,—,,—,,—,,—,,—,,—,,—,,—,,—,,-22,,0,,-20,,-12,,31,,12,,8,
      Vancocin,,—,,—,,—,,—,,—,,—,,—,,—,,—,,—,,—,,—,,—,,—,,—,,—,,—,,—,,—,,—,,—,,—,,—,,—,,—,,—,,—,,—,,—,,—,,16,,32,,51,,38,,31,,2,
    Human Pharmaceutical - Oncology,,—,,—,,—,,—,,—,,—,,—,,—,,—,,—,,—,,—,,—,,—,,—,,—,,—,,—,,—,,—,,—,,—,,—,,—,,—,,—,,—,,—,,—,,-2,,6,,7,,2,,6,,7,,5,
      Alimta,,—,,—,,—,,—,,—,,—,,—,,—,,—,,—,,—,,—,,—,,—,,—,,—,,—,,—,,—,,—,,—,,—,,—,,—,,—,,—,,—,,—,,—,,5,,9,,8,,4,,5,,4,,4,
      Erbitux Mfg,,—,,—,,—,,—,,—,,—,,—,,—,,—,,—,,—,,—,,—,,—,,—,,—,,—,,—,,—,,—,,—,,—,,—,,—,,—,,—,,—,,—,,—,,-57,,-1,,96,,-48,,0,,44,,-20,
      Gemzar,,—,,—,,—,,—,,—,,—,,—,,—,,—,,—,,—,,—,,—,,—,,—,,—,,—,,—,,—,,—,,—,,—,,—,,—,,—,,—,,—,,—,,—,,-32,,-21,,-20,,-16,,-14,,-13,,-28,
      Other Oncology,,—,,—,,—,,—,,—,,—,,—,,—,,—,,—,,—,,—,,—,,—,,—,,—,,—,,—,,—,,—,,—,,—,,—,,—,,—,,—,,—,,—,,—,,—,,-18,,—,,75,,-66,,68,,—,
      Erbitux Royalty,,—,,—,,—,,—,,—,,—,,—,,—,,—,,—,,—,,—,,—,,—,,—,,—,,—,,—,,—,,—,,—,,—,,—,,—,,—,,—,,—,,—,,—,,—,,6,,11,,13,,3,,5,,—,
    Diabetes,,—,,—,,—,,—,,—,,—,,—,,—,,—,,—,,—,,—,,—,,—,,—,,—,,—,,—,,—,,—,,—,,—,,—,,—,,—,,—,,—,,—,,—,,8,,10,,18,,-2,,-2,,-3,,-4,
      Forteo,,—,,—,,—,,—,,—,,—,,—,,—,,—,,—,,—,,—,,—,,—,,—,,—,,—,,—,,—,,—,,—,,—,,—,,—,,—,,—,,—,,—,,—,,14,,13,,22,,12,,5,,9,,12,
      Humulin,,—,,—,,—,,—,,—,,—,,—,,—,,—,,—,,—,,—,,—,,—,,—,,—,,—,,—,,—,,—,,—,,—,,—,,—,,—,,—,,—,,—,,—,,9,,8,,9,,3,,9,,10,,12,
      Glucagon,,—,,—,,—,,—,,—,,—,,—,,—,,—,,—,,—,,—,,—,,—,,—,,—,,—,,—,,—,,—,,—,,—,,—,,—,,—,,—,,—,,—,,—,,16,,1,,—,,12,,5,,6,,7,
      Trajenta,,—,,—,,—,,—,,—,,—,,—,,—,,—,,—,,—,,—,,—,,—,,—,,—,,—,,—,,—,,—,,—,,—,,—,,—,,—,,—,,—,,—,,—,,—,,—,,—,,85,,64,,27,,6,
      Other Pharnaceutical - Humatrope,,—,,—,,—,,—,,—,,—,,—,,—,,—,,—,,—,,—,,—,,—,,—,,—,,—,,—,,—,,—,,—,,—,,—,,—,,—,,—,,—,,—,,—,,-4,,-2,,-3,,-18,,5,,-18,,6,
      Humalog,,—,,—,,—,,—,,—,,—,,—,,—,,—,,—,,—,,—,,—,,—,,—,,—,,—,,—,,—,,—,,—,,—,,—,,—,,—,,—,,—,,—,,—,,4,,8,,20,,4,,11,,15,,3,
      Jardiance,,—,,—,,—,,—,,—,,—,,—,,—,,—,,—,,—,,—,,—,,—,,—,,—,,—,,—,,—,,—,,—,,—,,—,,—,,—,,—,,—,,—,,—,,—,,—,,—,,—,,0,,—,,0,
      Axiron,,—,,—,,—,,—,,—,,—,,—,,—,,—,,—,,—,,—,,—,,—,,—,,—,,—,,—,,—,,—,,—,,—,,—,,—,,—,,—,,—,,—,,—,,—,,—,,—,,7,,0,,-11,,-11,
      Evista,,—,,—,,—,,—,,—,,—,,—,,—,,—,,—,,—,,—,,—,,—,,—,,—,,—,,—,,—,,—,,—,,—,,—,,—,,—,,—,,—,,—,,—,,8,,8,,19,,-35,,-60,,-64,,-72,
      Other Endocrinology,,—,,—,,—,,—,,—,,—,,—,,—,,—,,—,,—,,—,,—,,—,,—,,—,,—,,—,,—,,—,,—,,—,,—,,—,,—,,—,,—,,—,,—,,-69,,-40,,-65,,-81,,-85,,-91,,-90,
      Actos,,—,,—,,—,,—,,—,,—,,—,,—,,—,,—,,—,,—,,—,,—,,—,,—,,—,,—,,—,,—,,—,,—,,—,,—,,—,,—,,—,,—,,—,,-38,,-30,,-35,,-24,,-33,,-20,,—,
    Neuroscience,,—,,—,,—,,—,,—,,—,,—,,—,,—,,—,,—,,—,,—,,—,,—,,—,,—,,—,,—,,—,,—,,—,,—,,—,,—,,—,,—,,—,,—,,12,,5,,-25,,-46,,-55,,-53,,-37,
      Prozac,,—,,—,,—,,—,,—,,—,,—,,—,,—,,—,,—,,—,,—,,—,,—,,—,,—,,—,,—,,—,,—,,—,,—,,—,,—,,—,,—,,—,,—,,3,,-2,,-12,,-5,,-7,,2,,7,
      Strattera,,—,,—,,—,,—,,—,,—,,—,,—,,—,,—,,—,,—,,—,,—,,—,,—,,—,,—,,—,,—,,—,,—,,—,,—,,—,,—,,—,,—,,—,,13,,23,,27,,-4,,18,,11,,1,
      Other Neuroscience,,—,,—,,—,,—,,—,,—,,—,,—,,—,,—,,—,,—,,—,,—,,—,,—,,—,,—,,—,,—,,—,,—,,—,,—,,—,,—,,—,,—,,—,,-65,,-68,,-40,,-70,,-13,,22,,-4,
      Zyprexa,,—,,—,,—,,—,,—,,—,,—,,—,,—,,—,,—,,—,,—,,—,,—,,—,,—,,—,,—,,—,,—,,—,,—,,—,,—,,—,,—,,—,,—,,-18,,-18,,0,,8,,-13,,-6,,-20,
      Cymbalta,,—,,—,,—,,—,,—,,—,,—,,—,,—,,—,,—,,—,,—,,—,,—,,—,,—,,—,,—,,—,,—,,—,,—,,—,,—,,—,,—,,—,,—,,23,,12,,-37,,-63,,-73,,-73,,-55,
      Amyvid,,—,,—,,—,,—,,—,,—,,—,,—,,—,,—,,—,,—,,—,,—,,—,,—,,—,,—,,—,,—,,—,,—,,—,,—,,—,,—,,—,,—,,—,,—,,-9,,15,,55,,5,,-14,,—,
Revenue Growth %,,—,,—,,—,,—,,—,,—,,—,,—,,—,,—,,—,,—,,—,,—,,—,,—,,—,,—,,—,,—,,—,,—,,—,,—,,—,,—,,—,,—,,—,,—,,—,,—,,—,,—,,—,,—,
  Animal Health,,1,,0,,0,,1,,8,,7,,9,,—,,9,,19,,—,,10,,12,,8,,14,,8,,10,,18,,12,,20,,28,,20,,28,,10,,33,,32,,6,,18,,2,,6,,11,,4,,6,,11,,10,,9,
    Food and Other,,—,,—,,—,,—,,—,,—,,—,,—,,—,,—,,—,,—,,—,,—,,—,,—,,—,,—,,—,,—,,—,,—,,—,,—,,—,,—,,—,,—,,—,,—,,10,,4,,10,,25,,9,,11,
    Companion,,—,,—,,—,,—,,—,,—,,—,,—,,—,,—,,—,,—,,—,,—,,—,,—,,—,,—,,—,,—,,—,,—,,—,,—,,—,,—,,—,,—,,—,,—,,13,,4,,-4,,-21,,15,,1,
  Human Pharmaceutical,,—,,—,,—,,—,,—,,—,,—,,—,,—,,11,,14,,0,,3,,1,,5,,14,,9,,9,,-5,,4,,5,,8,,8,,-4,,-4,,-10,,-11,,-1,,0,,6,,6,,-2,,-16,,-17,,-16,,-14,
    Other Pharmaceutical,,22,,-33,,-25,,-22,,-23,,-1,,1,,—,,-2,,-1,,—,,-1,,—,,—,,—,,-55,,—,,9,,42,,3,,0,,10,,—,,-68,,—,,-15,,-18,,77,,-4,,-12,,6,,-7,,6,,34,,18,,5,
      Human Pharmaceutical - Other,,—,,—,,—,,—,,—,,—,,—,,—,,—,,—,,—,,—,,—,,—,,—,,-55,,—,,9,,42,,—,,0,,—,,—,,-68,,—,,—,,—,,77,,-3,,-21,,2,,-19,,-11,,31,,12,,7,
      Vancocin,,—,,—,,—,,—,,—,,—,,—,,—,,—,,—,,—,,—,,—,,—,,—,,—,,—,,—,,—,,—,,—,,—,,—,,—,,—,,—,,—,,—,,—,,—,,19,,36,,55,,40,,31,,2,
      Cialis (Non JV),,42,,—,,—,,—,,—,,—,,—,,—,,—,,—,,—,,—,,—,,—,,—,,—,,—,,—,,—,,—,,—,,—,,—,,—,,—,,—,,—,,—,,—,,—,,—,,—,,—,,—,,—,,—,
    Cardiovascular,,—,,—,,—,,—,,—,,—,,—,,—,,—,,—,,—,,—,,-2,,-5,,7,,18,,14,,17,,1,,9,,11,,20,,21,,8,,9,,0,,3,,6,,9,,13,,10,,12,,3,,5,,6,,5,
      Adcirca,,—,,—,,—,,—,,—,,—,,—,,—,,—,,—,,—,,—,,—,,—,,—,,—,,—,,—,,—,,—,,—,,—,,—,,—,,—,,—,,—,,—,,35,,19,,19,,13,,17,,28,,21,,18,
      Cialis,,—,,12,,36,,27,,—,,—,,—,,0,,74,,24,,21,,7,,6,,0,,5,,19,,14,,15,,2,,6,,6,,14,,16,,6,,6,,-2,,3,,4,,11,,13,,9,,15,,3,,7,,8,,6,
      Effient (Prasugrel),,—,,—,,—,,—,,—,,—,,—,,—,,—,,—,,—,,—,,—,,—,,—,,—,,—,,—,,60,,14,,—,,—,,—,,93,,—,,55,,31,,33,,0,,24,,14,,8,,3,,-3,,5,,6,
      Reopro,,-3,,-7,,-6,,-5,,—,,—,,—,,—,,—,,—,,—,,—,,-16,,-15,,-11,,5,,3,,-13,,-17,,-18,,-20,,-5,,-14,,-21,,-18,,-16,,-16,,-20,,-14,,-18,,-1,,-10,,-15,,-11,,-23,,0,
      Other Cardiovascular,,—,,—,,—,,—,,—,,—,,—,,—,,—,,—,,—,,—,,-16,,-7,,-54,,—,,—,,20,,33,,14,,9,,30,,31,,55,,16,,27,,35,,10,,32,,23,,20,,18,,-18,,-7,,-18,,-39,
      Xigris,,-15,,-16,,-7,,-10,,—,,—,,—,,—,,—,,—,,—,,—,,-34,,-34,,-16,,10,,-4,,1,,-33,,-34,,-13,,-8,,6,,—,,—,,—,,—,,—,,—,,—,,—,,—,,—,,—,,—,,—,
    Human Pharmaceutical - Oncology,,—,,—,,—,,—,,—,,—,,—,,—,,—,,—,,—,,—,,8,,7,,8,,16,,14,,14,,11,,-3,,-8,,-14,,-18,,-9,,-5,,3,,-3,,0,,-5,,-5,,4,,4,,0,,6,,7,,2,
      Alimta,,39,,38,,29,,32,,44,,35,,37,,42,,32,,33,,46,,31,,36,,40,,47,,64,,57,,43,,21,,9,,10,,11,,12,,12,,5,,8,,2,,7,,2,,2,,7,,6,,2,,6,,5,,0,
      Erbitux Mfg,,—,,—,,—,,—,,—,,—,,—,,—,,—,,—,,—,,—,,0,,—,,—,,—,,-35,,-10,,-17,,-26,,60,,-16,,-13,,76,,26,,60,,-61,,-72,,-26,,—,,-1,,96,,-48,,0,,44,,-20,
      Gemzar,,11,,0,,6,,6,,11,,15,,11,,15,,13,,11,,12,,-3,,-14,,-20,,-25,,-25,,-22,,-17,,-2,,-22,,-46,,-62,,-72,,-62,,-46,,-32,,-32,,-27,,-38,,-38,,-28,,-28,,-21,,-16,,-14,,-32,
      Other Oncology,,—,,—,,—,,—,,—,,—,,—,,—,,—,,—,,—,,—,,0,,0,,—,,—,,0,,0,,0,,—,,-8,,—,,—,,-94,,—,,—,,—,,—,,-87,,—,,-16,,—,,81,,-64,,70,,—,
      Erbitux Royalty,,—,,—,,—,,—,,—,,—,,—,,—,,—,,—,,—,,—,,—,,—,,—,,—,,—,,—,,—,,—,,—,,—,,—,,—,,—,,—,,—,,—,,—,,—,,1,,7,,12,,2,,4,,—,
      Cyramza,,—,,—,,—,,—,,—,,—,,—,,—,,—,,—,,—,,—,,—,,—,,—,,—,,—,,—,,—,,—,,—,,—,,—,,—,,—,,—,,—,,—,,—,,—,,—,,—,,0,,—,,—,,—,
    Diabetes,,—,,—,,—,,—,,—,,—,,—,,—,,—,,—,,—,,—,,1,,-2,,6,,9,,6,,5,,0,,3,,9,,11,,13,,13,,6,,4,,-1,,-2,,2,,5,,7,,15,,-5,,-3,,-3,,-9,
      Glucagon,,—,,—,,—,,—,,—,,—,,—,,—,,—,,—,,—,,—,,—,,—,,—,,—,,—,,—,,—,,—,,—,,—,,—,,—,,—,,—,,—,,—,,10,,16,,1,,—,,11,,5,,6,,7,
      Humulin,,-15,,-12,,-8,,-8,,3,,10,,6,,6,,14,,12,,12,,-4,,-7,,-9,,-4,,4,,7,,7,,7,,5,,12,,18,,8,,20,,6,,-3,,-5,,-1,,1,,8,,8,,8,,1,,11,,9,,7,
      Forteo,,90,,43,,45,,53,,21,,21,,21,,15,,21,,17,,7,,-2,,1,,-2,,11,,9,,4,,3,,-6,,6,,11,,10,,20,,16,,26,,20,,20,,20,,4,,7,,6,,14,,7,,4,,8,,6,
      Jardiance,,—,,—,,—,,—,,—,,—,,—,,—,,—,,—,,—,,—,,—,,—,,—,,—,,—,,—,,—,,—,,—,,—,,—,,—,,—,,—,,—,,—,,—,,—,,—,,—,,0,,0,,—,,0,
      Other Pharnaceutical - Humatrope,,-8,,-1,,1,,0,,12,,5,,4,,—,,6,,9,,—,,—,,-9,,-11,,1,,4,,-2,,-2,,-9,,-9,,11,,3,,2,,-2,,-20,,-10,,-1,,-10,,-12,,-9,,-6,,-8,,-23,,4,,-19,,0,
      Humalog,,6,,8,,5,,9,,11,,12,,12,,18,,20,,22,,19,,11,,11,,9,,16,,16,,12,,6,,-1,,3,,4,,16,,20,,21,,12,,4,,-3,,-7,,7,,2,,7,,19,,3,,8,,15,,-1,
      Trajenta,,—,,—,,—,,—,,—,,—,,—,,—,,—,,—,,—,,—,,—,,—,,—,,—,,—,,—,,—,,—,,—,,—,,—,,—,,—,,—,,—,,—,,—,,—,,—,,—,,80,,65,,22,,-5,
      Axiron,,—,,—,,—,,—,,—,,—,,—,,—,,—,,—,,—,,—,,—,,—,,—,,—,,—,,—,,—,,—,,—,,—,,—,,—,,—,,—,,—,,—,,—,,—,,—,,—,,7,,0,,-11,,-12,
      Evista,,-3,,5,,-1,,1,,9,,1,,2,,6,,-1,,1,,1,,-6,,-2,,-10,,-2,,-2,,-6,,3,,-1,,1,,10,,2,,5,,0,,-4,,1,,-9,,-10,,-6,,5,,3,,14,,-38,,-61,,-65,,-74,
      Other Endocrinology,,—,,—,,—,,—,,—,,—,,—,,—,,—,,—,,—,,—,,—,,—,,—,,—,,—,,—,,—,,—,,14,,4,,-9,,0,,0,,19,,13,,-41,,-35,,-69,,-41,,-65,,-81,,-84,,-91,,-90,
      Actos,,12,,-12,,20,,-9,,—,,—,,—,,—,,—,,—,,—,,—,,-28,,-17,,-16,,10,,4,,3,,9,,26,,34,,4,,-12,,-34,,-53,,-53,,-50,,-43,,-44,,-37,,-28,,-35,,-23,,-32,,-19,,—,
      Other Diabetes,,—,,—,,—,,—,,—,,—,,—,,—,,—,,—,,—,,—,,5,,23,,9,,-8,,-4,,-4,,36,,39,,0,,—,,—,,—,,—,,—,,—,,—,,—,,—,,—,,—,,—,,—,,—,,—,
      Trulicity,,—,,—,,—,,—,,—,,—,,—,,—,,—,,—,,—,,—,,—,,—,,—,,—,,—,,—,,—,,—,,—,,—,,—,,—,,—,,—,,—,,—,,—,,—,,—,,—,,0,,—,,—,,—,
      Byetta Service,,—,,—,,—,,—,,—,,—,,—,,—,,—,,—,,—,,—,,66,,53,,46,,51,,58,,26,,3,,-12,,-6,,2,,17,,—,,—,,—,,—,,—,,—,,—,,—,,—,,—,,—,,—,,—,
    Neuroscience,,—,,—,,—,,—,,—,,—,,—,,—,,—,,—,,—,,—,,5,,3,,4,,16,,8,,8,,-1,,4,,7,,12,,12,,-15,,-21,,-31,,-27,,-7,,-3,,10,,3,,-27,,-48,,-55,,-54,,-42,
      Prozac,,—,,—,,—,,—,,—,,—,,—,,—,,—,,—,,—,,—,,-20,,-8,,-10,,-1,,-2,,-12,,-17,,-9,,-14,,-5,,3,,-17,,-4,,-9,,-11,,6,,1,,3,,-2,,-13,,-7,,-8,,1,,4,
      Strattera,,27,,17,,-10,,5,,-8,,-1,,3,,—,,6,,-5,,15,,-6,,7,,6,,-3,,10,,-8,,3,,-12,,-4,,-5,,7,,20,,-4,,15,,-3,,-5,,-4,,5,,10,,19,,23,,-7,,17,,11,,-3,
      Other Neuroscience,,—,,—,,—,,—,,—,,—,,—,,—,,—,,—,,—,,—,,-100,,-100,,-39,,—,,—,,—,,—,,-100,,10,,2,,6,,-2,,-25,,-26,,-30,,-13,,-3,,-65,,-65,,-39,,-70,,-9,,26,,-8,
      Zyprexa,,-3,,2,,5,,4,,10,,9,,8,,10,,1,,2,,2,,-10,,0,,-3,,3,,19,,8,,5,,-1,,-2,,6,,12,,-3,,-44,,-56,,-73,,-68,,-49,,-49,,-25,,-26,,-10,,-1,,-14,,-8,,-27,
      Cymbalta,,118,,92,,91,,94,,89,,67,,47,,48,,37,,26,,40,,15,,17,,14,,10,,15,,13,,17,,2,,18,,13,,16,,33,,20,,23,,22,,16,,20,,19,,22,,11,,-38,,-64,,-73,,-73,,-58,
      Amyvid,,—,,—,,—,,—,,—,,—,,—,,—,,—,,—,,—,,—,,—,,—,,—,,—,,—,,—,,—,,—,,—,,—,,—,,—,,—,,—,,—,,—,,—,,—,,-9,,15,,55,,5,,-14,,—,
      Yentreve,,—,,—,,—,,—,,—,,—,,—,,—,,—,,—,,—,,—,,15,,-24,,-30,,-12,,-12,,-14,,2,,-3,,0,,—,,—,,—,,—,,—,,—,,—,,—,,—,,—,,—,,—,,—,,—,,—,
      Permax,,—,,—,,—,,—,,—,,—,,—,,—,,—,,—,,—,,—,,-4,,-15,,-11,,-7,,-20,,-17,,-14,,-32,,0,,—,,—,,—,,—,,—,,—,,—,,—,,—,,—,,—,,—,,—,,—,,—,
      Symbyax,,6,,—,,—,,—,,—,,—,,—,,—,,—,,—,,—,,—,,8,,49,,-9,,26,,-17,,0,,-9,,-12,,17,,3,,7,,—,,—,,—,,—,,—,,—,,—,,—,,—,,—,,—,,—,,—,
    Anti-Infectives,,-20,,-38,,-44,,-38,,—,,—,,—,,—,,—,,—,,—,,—,,-16,,-16,,-20,,-6,,-3,,-6,,-10,,-3,,7,,7,,1,,—,,-2,,-31,,—,,—,,—,,—,,—,,—,,—,,—,,—,,—,
      Other Anti-infectives,,—,,—,,—,,—,,—,,—,,—,,—,,—,,—,,—,,—,,-37,,-41,,-47,,-38,,-19,,-40,,-27,,-15,,-8,,16,,-32,,—,,-25,,-30,,—,,—,,—,,—,,—,,—,,—,,—,,—,,—,
      Ceclor,,—,,—,,—,,—,,—,,—,,—,,—,,—,,—,,—,,—,,-4,,-18,,-15,,-5,,-5,,14,,-26,,-2,,-2,,4,,-1,,—,,—,,—,,—,,—,,—,,—,,—,,—,,—,,—,,—,,—,
      Vancocin,,—,,—,,—,,—,,—,,—,,—,,—,,—,,—,,—,,—,,-10,,-1,,-5,,19,,5,,-6,,7,,1,,19,,8,,10,,—,,-22,,-35,,—,,—,,—,,—,,—,,—,,—,,—,,—,,—,
  Fluoxetine Products,,-31,,-30,,-30,,—,,—,,—,,—,,—,,—,,—,,—,,—,,—,,—,,—,,—,,—,,—,,—,,—,,—,,—,,—,,—,,—,,—,,—,,—,,—,,—,,—,,—,,—,,—,,—,,—,
  Collaboration,,—,,—,,—,,—,,—,,—,,—,,—,,—,,—,,—,,—,,58,,—,,—,,34,,-1,,-11,,-5,,0,,-2,,4,,5,,24,,26,,-13,,-19,,-17,,—,,—,,—,,—,,—,,—,,—,,—,
    Exenatide,,—,,—,,—,,—,,—,,—,,—,,—,,—,,—,,—,,—,,—,,—,,—,,—,,—,,—,,—,,—,,—,,—,,—,,—,,-16,,-76,,-92,,—,,—,,—,,—,,—,,—,,—,,—,,—,
    Other,,—,,—,,—,,—,,—,,—,,—,,—,,—,,—,,—,,—,,—,,—,,—,,—,,5,,5,,4,,-1,,0,,40,,17,,—,,—,,88,,7,,—,,—,,—,,—,,—,,—,,—,,—,,—,
    Actos,,—,,—,,—,,—,,—,,—,,—,,—,,—,,—,,—,,—,,—,,—,,—,,—,,—,,—,,—,,-100,,—,,—,,—,,—,,—,,—,,—,,—,,—,,—,,—,,—,,—,,—,,—,,—,
    Erbitux Royalty,,—,,—,,—,,—,,—,,—,,—,,—,,—,,—,,—,,—,,—,,—,,—,,—,,11,,9,,-3,,6,,2,,0,,5,,3,,3,,-1,,-1,,-2,,—,,—,,—,,—,,—,,—,,—,,—,
    Byetta,,—,,—,,—,,—,,—,,—,,—,,—,,—,,—,,—,,—,,—,,—,,—,,—,,3,,-21,,-18,,-13,,-16,,-6,,-5,,—,,—,,—,,—,,—,,—,,—,,—,,—,,—,,—,,—,,—,
Source: Bloomberg,,,,,,,,,,,,,,,,,,,,,,,,,,,,,,,,,,,,,,,,,,,,,,,,,,,,,,,,,,,,,,,,,,,,,,,,,
