Unnamed: 0,Unnamed: 1,Unnamed: 2,Unnamed: 3,Unnamed: 4,Unnamed: 5,Unnamed: 6,Unnamed: 7,Unnamed: 8,Unnamed: 9,Unnamed: 10,Unnamed: 11,Unnamed: 12,Unnamed: 13,Unnamed: 14,Unnamed: 15,Unnamed: 16,Unnamed: 17,Unnamed: 18,Unnamed: 19,Unnamed: 20,Unnamed: 21,Unnamed: 22,Unnamed: 23,Unnamed: 24,Unnamed: 25,Unnamed: 26,Unnamed: 27,Unnamed: 28,Unnamed: 29,Unnamed: 30,Unnamed: 31,Unnamed: 32,Unnamed: 33,Unnamed: 34,Unnamed: 35,Unnamed: 36,Unnamed: 37,Unnamed: 38,Unnamed: 39,Unnamed: 40,Unnamed: 41,Unnamed: 42,Unnamed: 43,Unnamed: 44,Unnamed: 45,Unnamed: 46,Unnamed: 47,Unnamed: 48,Unnamed: 49,Unnamed: 50,Unnamed: 51,Unnamed: 52,Unnamed: 53,Unnamed: 54,Unnamed: 55,Unnamed: 56,Unnamed: 57,Unnamed: 58,Unnamed: 59,Unnamed: 60,Unnamed: 61,Unnamed: 62,Unnamed: 63,Unnamed: 64,Unnamed: 65,Unnamed: 66,Unnamed: 67,Unnamed: 68,Unnamed: 69,Unnamed: 70,Unnamed: 71,Unnamed: 72,Unnamed: 73,Unnamed: 74,Unnamed: 75,Unnamed: 76,Unnamed: 77,Unnamed: 78,Unnamed: 79,Unnamed: 80,Unnamed: 81
Vulcan Materials Co (VMC US) - By Measure,,,,,,,,,,,,,,,,,,,,,,,,,,,,,,,,,,,,,,,,,,,,,,,,,,,,,,,,,,,,,,,,,,,,,,,,,,,,,,,,,
,,,,,,,,,,,,,,,,,,,,,,,,,,,,,,,,,,,,,,,,,,,,,,,,,,,,,,,,,,,,,,,,,,,,,,,,,,,,,,,,,
In Millions of USD except Per Share,,Q3 2004,,Q4 2004,,Q1 2005,,Q2 2005,,Q3 2005,,Q4 2005,,Q1 2006,,Q2 2006,,Q3 2006,,Q4 2006,,Q1 2007,,Q2 2007,,Q3 2007,,Q4 2007,,Q1 2008,,Q2 2008,,Q3 2008,,Q4 2008,,Q1 2009,,Q2 2009,,Q3 2009,,Q4 2009,,Q1 2010,,Q2 2010,,Q3 2010,,Q4 2010,,Q1 2011,,Q2 2011,,Q3 2011,,Q4 2011,,Q1 2012,,Q2 2012,,Q3 2012,,Q4 2012,,Q1 2013,,Q2 2013,,Q3 2013,,Q4 2013,,Q1 2014,,Q2 2014,
3 Months Ending,,09/30/2004,,12/31/2004,,03/31/2005,,06/30/2005,,09/30/2005,,12/31/2005,,03/31/2006,,06/30/2006,,09/30/2006,,12/31/2006,,03/31/2007,,06/30/2007,,09/30/2007,,12/31/2007,,03/31/2008,,06/30/2008,,09/30/2008,,12/31/2008,,03/31/2009,,06/30/2009,,09/30/2009,,12/31/2009,,03/31/2010,,06/30/2010,,09/30/2010,,12/31/2010,,03/31/2011,,06/30/2011,,09/30/2011,,12/31/2011,,03/31/2012,,06/30/2012,,09/30/2012,,12/31/2012,,03/31/2013,,06/30/2013,,09/30/2013,,12/31/2013,,03/31/2014,,06/30/2014,
Revenue,,723.375,1.0,608.654,1.0,528.616,1.0,782.074,1.0,830.016,1.0,754.621,1.0,708.687,1.0,888.162,1.0,929.321,1.0,816.304,1.0,687.187,1.0,878.844,1.0,904.866,1.0,856.89,1.0,817.339,1.0,1021.551,1.0,1013.349,1.0,799.199,1.0,600.294,1.0,721.859,1.0,778.192,1.0,590.144,1.0,493.264,1.0,0.736152,1.0,743.204,1.0,586.243,1.0,487.2,1.0,701.971,1.0,760.752,1.0,614.626,1.0,535.882,1.0,694.136,1.0,—,,—,,538.162,1.0,738.733,1.0,—,,680.246,1.0,574.42,1.0,791.143,1.0
  Aggregates,,471.5,0.726166640997998,412.9,0.754430842316828,356.2,0.743012098456404,512.1,0.726074011059124,536.1,0.715372297838271,479.6,0.374863217133031,459.9,0.716020551144325,569.7,0.705248823966328,580.9,0.684781327360604,521.4,0.756968641114983,510.6,0.777760853008378,652.9,0.780327476992948,672.571,0.767394045194453,612.2,0.713021197297927,536.1,0.642959942432238,679.3,0.657026791759358,661.9,0.64374635284964,529.531,0.646829681819958,401.8,0.653652188059216,497.6,0.679039301310044,533,0.669597989949749,369.084,0.664098444132163,341.3,0.67490607079296,0.5139,0.689520998255736,514.3,0.680741230972866,397.418,0.668877081310159,331.6,0.66989898989899,478.4,0.67925599886412,514.7,0.673602931553462,378.449,0.654542026915075,355.6,0.658518518518519,471.1,0.684241103848947,—,,—,,359,0.667038275733928,508.4,0.686563133018231,—,,496.208,0.667414503186376,404.2,0.672098436980379,595.6,0.745058794095572
  Asphalt,,95.8,0.147543508393655,63.8,0.116572263840672,53.9,0.112432206925323,97.2,0.137813696299447,114.2,0.15238857752869,110,0.0859778020947319,85.6,0.133271057138409,126.1,0.156102995791037,155.4,0.183189909230225,—,,—,,—,,—,,—,,—,,—,,—,,—,,78.4,0.127541890353018,103.7,0.141512008733624,123.9,0.155653266331658,87.711,0.157819733809312,63.6,0.125766264583745,0.1035,0.138870253589159,115.8,0.153275976174719,87.567,0.147380237883253,64.7,0.130707070707071,110.9,0.157461309101235,128.9,0.168695196963748,94.53,0.163493252206458,71.4,0.132222222222222,103.7,0.150617283950617,—,,—,,67.3,0.125046451133408,99.9,0.134908845374747,—,,99.378,0.133666362689952,83,0.138011306950449,107.8,0.134851138353765
  Concrete,,22.8,0.0351147389496381,87.9,0.160606614288325,50.1,0.10450563204005,66.8,0.0947114702963278,68.7,0.0916733386709368,665,0.519774894481788,64.6,0.100576054803052,72.5,0.089749938103491,69.7,0.0821643286573146,—,,—,,—,,—,,—,,—,,—,,—,,—,,114.8,0.186757768016919,114.6,0.156386462882096,119.3,0.149874371859297,90.699,0.163196087569071,82.9,0.163931184496737,0.105,0.140882865960016,105.1,0.139113170086036,90.148,0.151724207574766,82.2,0.166060606060606,98.2,0.139429220502627,101.4,0.13270514330585,92.862,0.160608382380156,92.5,0.171296296296296,103,0.14960058097313,—,,—,,99.9,0.18561872909699,120.3,0.162457798784605,—,,121.813,0.163842104272083,96,0.159627535749917,93.8,0.117338003502627
  Calcium,,—,,—,,—,,—,,—,,—,,—,,—,,—,,34.3,0.0497967479674797,0,,0,,0,,14.1,0.0164220824598183,31.1,0.0372991124970017,29.2,0.0282425766515137,25.6,0.0248978797899241,20.614,0.0251802955087363,19.7,0.0320481535708476,16.9,0.0230622270742358,19.8,0.0248743718592965,8.273,0.0148857344894533,17.9,0.0353964801265572,0.0229,0.0307258821950892,20.3,0.0268696227663799,19.024,0.0320184732318226,16.5,0.0333333333333333,16.8,0.0238534715320176,19.1,0.0249967281769402,12.348,0.0213563384983111,20.5,0.037962962962963,10.7,0.0155410312273057,—,,—,,12,0.0222965440356745,11.9,0.0160702228224173,—,,26.079,0.0350770298515894,18.2,0.0302627203192551,2.2,0.00275206404803603
  Reconciliation,,—,,—,,—,,—,,—,,—,,—,,—,,—,,—,,—,,—,,—,,—,,—,,—,,—,,—,,—,,—,,—,,—,,—,,—,,—,,—,,—,,—,,—,,—,,—,,—,,—,,—,,-0.038,,—,,—,,—,,-26.98,,-8.257,
  Adjustment,,74.075,,61.354,,49.216,,76.774,,80.616,,-524.779,,66.387,,80.362,,81.021,,73.604,,30.687,,42.144,,28.431,,-1.71,,-16.461,,-12.349,,-14.851,,-19.457,,-14.406,,-10.941,,-17.808,,34.377,,-12.436,,-0.009148,,-12.296,,-7.914,,-7.8,,-2.329,,-3.348,,36.437,,-4.118,,5.636,,—,,—,,—,,-1.767,,—,,-63.232,,—,,—,
  Construction Materials,,649.3,1.0,547.3,1.0,479.4,1.0,705.3,1.0,749.4,1.0,1279.4,1.0,642.3,1.0,807.8,1.0,848.3,1.0,—,,—,,—,,—,,—,,—,,—,,—,,—,,—,,—,,—,,—,,—,,—,,—,,—,,—,,—,,—,,—,,—,,—,,—,,—,,—,,—,,—,,—,,—,,—,
    Other,,59.2,0.0911751116587094,-17.3,-0.031609720445825,19.2,0.0400500625782228,29.2,0.0414008223451014,30.4,0.040565785962103,24.8,0.0193840862904486,32.2,0.0501323369142146,39.5,0.0488982421391434,42.3,0.0498644347518567,—,,—,,—,,—,,—,,—,,—,,—,,—,,—,,—,,—,,—,,—,,—,,—,,—,,—,,—,,—,,—,,—,,—,,—,,—,,—,,—,,—,,—,,—,,—,
  Corporate,,—,,—,,—,,—,,—,,—,,—,,—,,—,,53.9,,—,,—,,—,,—,,—,,—,,—,,—,,—,,—,,—,,—,,—,,—,,—,,—,,—,,—,,—,,—,,—,,—,,—,,—,,—,,—,,—,,—,,—,,—,
  Asphalt Mix and Concrete,,—,,—,,—,,—,,—,,—,,—,,—,,—,,133.1,0.193234610917538,145.9,0.222239146991622,183.8,0.219672523007052,203.864,0.232605954805547,232.3,0.270556720242255,266.6,0.31974094507076,325.4,0.314730631589129,340.7,0.331355767360436,268.511,0.327990022671305,—,,—,,—,,—,,—,,—,,—,,—,,—,,—,,—,,—,,—,,—,,—,,—,,—,,—,,—,,—,,—,,—,
Intersegment Revenue,,—,,—,,—,,—,,—,,—,,—,,—,,—,,—,,—,,—,,—,,—,,—,,—,,—,,-62.133,,-46.8,,-51.4,,-5.73e-05,,-45.003,,-41.2,,-52.5,,-55.7,,-45.326,,-38.7,,-46.8,,-49.1,,-37.883,,-40.1,,-49.2,,—,,-45.554,,-44.3,,-56.3,,-68.8,,-63.232,,-86.5,,-43.1,
  Calcium,,—,,—,,—,,—,,—,,—,,—,,—,,—,,—,,—,,—,,—,,—,,—,,—,,—,,-14.799,0.238182608275796,-9.6,0.205128205128205,-8.5,0.165369649805447,-9.2e-06,0.160558464223386,-7.835,0.174099504477479,-8.6,0.20873786407767,-10.1,0.192380952380952,-10.9,0.195691202872531,-10.471,0.231015311300357,-8.9,0.229974160206718,-7.3,0.155982905982906,-6.7,0.136456211812627,-7.081,0.186917614761239,-8.5,0.211970074812968,-9.6,0.195121951219512,—,,-10.243,0.224854019405541,-10.7,0.241534988713318,-11.9,0.211367673179396,-12.3,0.178779069767442,-12.428,0.196546052631579,-43,0.497109826589595,0,
  Aggregates,,—,,—,,—,,—,,—,,—,,—,,—,,—,,—,,—,,—,,—,,—,,—,,—,,—,,-47.254,0.760529831168622,-37.1,0.792735042735043,-42.9,0.834630350194553,-4.81e-05,0.839441535776614,-37.162,0.825767171077484,-32,0.776699029126214,-42.4,0.807619047619048,-44.8,0.804308797127469,-34.855,0.768984688699642,-29.8,0.770025839793282,-39.5,0.844017094017094,-42.4,0.863543788187373,-30.802,0.813082385238761,-31.1,0.775561097256858,-39.2,0.796747967479675,—,,-35.311,0.775145980594459,-33.6,0.758465011286682,-44.4,0.788632326820604,-56.5,0.821220930232558,-50.804,0.803453947368421,-43.5,0.502890173410405,-43.1,1.0
  Asphalt,,—,,—,,—,,—,,—,,—,,—,,—,,—,,—,,—,,—,,—,,—,,—,,—,,—,,—,,0,,0,,0,,0,,-0.6,0.0145631067961165,0,,0,,0,,0,,0,,0,,0,,0,,0,,—,,0,,—,,—,,—,,0,,—,,—,
  Concrete,,—,,—,,—,,—,,—,,—,,—,,—,,—,,—,,—,,—,,—,,—,,—,,—,,—,,—,,-0.1,0.00213675213675214,0,,0,,-0.006,0.000133324445036998,0,,0,,0,,0,,0,,0,,0,,0,,-0.5,0.0124688279301746,-0.4,0.00813008130081301,—,,0,,—,,—,,—,,0,,—,,—,
  Asphalt Mix and Concrete,,—,,—,,—,,—,,—,,—,,—,,—,,—,,—,,—,,—,,—,,—,,—,,—,,—,,-0.08,0.00128756055558238,—,,—,,—,,—,,—,,—,,—,,—,,—,,—,,—,,—,,—,,—,,—,,—,,—,,—,,—,,—,,—,,—,
Revenue Including Intersegment Revenue,,—,,—,,—,,—,,—,,—,,—,,—,,—,,—,,—,,—,,—,,—,,—,,—,,—,,—,,—,,—,,—,,—,,—,,—,,—,,—,,—,,—,,—,,—,,—,,—,,—,,574.885,1.0,538.2,1.0,696.1,1.0,882.4,1.0,743.478,1.0,601.4,1.0,799.4,1.0
  Aggregates,,—,,—,,—,,—,,—,,—,,—,,—,,—,,—,,—,,—,,—,,—,,—,,—,,—,,—,,—,,—,,—,,—,,—,,—,,—,,—,,—,,—,,—,,—,,—,,—,,—,,376.185,0.654365655739844,359,0.667038275733928,464,0.666570894986353,596.8,0.676337262012693,496.208,0.667414503186376,404.2,0.672098436980379,595.6,0.745058794095572
  Asphalt,,—,,—,,—,,—,,—,,—,,—,,—,,—,,—,,—,,—,,—,,—,,—,,—,,—,,—,,—,,—,,—,,—,,—,,—,,—,,—,,—,,—,,—,,—,,—,,—,,—,,84.86,0.147612131121877,67.3,0.125046451133408,99.9,0.143513862950725,130.2,0.147552130553037,99.378,0.133666362689952,83,0.138011306950449,107.8,0.134851138353765
  Concrete,,—,,—,,—,,—,,—,,—,,—,,—,,—,,—,,—,,—,,—,,—,,—,,—,,—,,—,,—,,—,,—,,—,,—,,—,,—,,—,,—,,—,,—,,—,,—,,—,,—,,103.085,0.179314123694304,99.9,0.18561872909699,120.3,0.17281999712685,129.8,0.147098821396192,121.813,0.163842104272083,96,0.159627535749917,93.8,0.117338003502627
  Calcium,,—,,—,,—,,—,,—,,—,,—,,—,,—,,—,,—,,—,,—,,—,,—,,—,,—,,—,,—,,—,,—,,—,,—,,—,,—,,—,,—,,—,,—,,—,,—,,—,,—,,10.755,0.0187080894439758,12,0.0222965440356745,11.9,0.0170952449360724,25.6,0.029011786038078,26.079,0.0350770298515894,18.2,0.0302627203192551,2.2,0.00275206404803603
Gross Profit,,159.6,1.0,—,,—,,—,,—,,—,,—,,—,,—,,—,,167.2,1.0,285.2,1.0,277.392,1.0,221.083,1.0,154.5,1.0,245.2,1.0,200.8,1.0,149.19,1.0,77.6,1.0,145.8,1.0,154.5,1.0,68.041,1.0,0.899999999999999,1.0,122.3,1.0,126.7,1.0,50.749,1.0,-7.1,,100.8,1.0,115.8,1.0,74.355,1.0,22,1.0,105.9,1.0,—,,—,,17.7,1.0,—,,—,,117.347,1.0,34.1,1.0,174.8,1.0
  Aggregates,,—,,—,,—,,—,,—,,—,,—,,—,,—,,—,,147.4,0.881578947368421,250.9,0.879733520336606,238.146,0.858517909672954,192.282,0.869727658843059,126.9,0.821359223300971,217.9,0.888662316476346,185.2,0.922310756972112,127.619,0.855412561163617,63.6,0.81958762886598,126.8,0.869684499314129,133.3,0.862783171521036,69.613,1.02310371687659,15.4,17.1111111111111,122,0.997547015535568,125.2,0.988161010260458,57.699,1.13694851130072,10.7,-1.50704225352113,102.8,1.01984126984127,113.4,0.979274611398964,79.196,1.0651065832829,34,1.54545454545455,111.8,1.05571293673277,—,,—,,24.8,1.40112994350282,—,,—,,111.606,0.951076721177363,38.5,1.12903225806452,161.7,0.925057208237986
  Asphalt,,—,,—,,—,,—,,—,,—,,—,,—,,—,,—,,—,,—,,—,,—,,—,,—,,—,,—,,16.2,0.208762886597938,21.7,0.14883401920439,21.3,0.137864077669903,9.743,0.143193074763745,1.1,1.22222222222222,7.3,0.0596892886345053,13.4,0.105761641673244,7.58,0.149362549015744,-0.2,0.028169014084507,8.3,0.0823412698412699,12.3,0.106217616580311,5.157,0.0693564656041961,-0.6,-0.0272727272727273,5.1,0.0481586402266289,—,,—,,1.9,0.107344632768362,—,,—,,7.944,0.0676966603321772,4.7,0.13782991202346,9,0.051487414187643
  Concrete,,—,,—,,—,,—,,—,,—,,—,,—,,—,,—,,—,,—,,—,,—,,—,,—,,—,,—,,-0.9,-0.0115979381443299,-2.2,-0.0150891632373114,-0.6,-0.00388349514563107,-10.785,-0.158507370555988,-16.1,-17.8888888888889,-5.6,-0.0457890433360589,-10.1,-0.079715864246251,-13.232,-0.260734201659146,-14.4,2.02816901408451,-9,-0.0892857142857143,-8.9,-0.0768566493955095,-11.041,-0.148490350346312,-12.3,-0.559090909090909,-9,-0.084985835694051,—,,—,,-10,-0.564971751412429,—,,—,,-4.996,-0.0425745864828244,-9.2,-0.269794721407625,3.2,0.0183066361556064
  Calcium,,—,,—,,—,,—,,—,,—,,—,,—,,—,,—,,0,,0,,0,,0,,7.5,0.0485436893203883,4.1,0.016721044045677,3,0.0149402390438247,3.146,0.0210872042362089,-1.3,-0.0167525773195876,-0.5,-0.00342935528120713,0.5,0.00323624595469256,-0.53,-0.0077894210843462,0.5,0.555555555555556,-1.4,-0.0114472608340147,-1.8,-0.0142067876874507,-1.298,-0.0255768586573134,-3.2,0.450704225352113,-1.3,-0.0128968253968254,-1,-0.00863557858376511,1.043,0.0140273014592159,0.9,0.0409090909090909,-2,-0.0188857412653447,—,,—,,1,0.0564971751412429,—,,—,,2.793,0.0238012049732844,0.1,0.00293255131964809,0.9,0.0051487414187643
  Construction Materials,,148.7,0.931704260651629,—,,—,,—,,—,,—,,—,,—,,—,,—,,—,,—,,—,,—,,—,,—,,—,,—,,—,,—,,—,,—,,—,,—,,—,,—,,—,,—,,—,,—,,—,,—,,—,,—,,—,,—,,—,,—,,—,,—,
  Chemicals,,10.9,0.0682957393483709,—,,—,,—,,—,,—,,—,,—,,—,,—,,—,,—,,—,,—,,—,,—,,—,,—,,—,,—,,—,,—,,—,,—,,—,,—,,—,,—,,—,,—,,—,,—,,—,,—,,—,,—,,—,,—,,—,,—,
  Asphalt Mix and Concrete,,—,,—,,—,,—,,—,,—,,—,,—,,—,,—,,19.8,0.118421052631579,34.3,0.120266479663394,39.246,0.141482090327046,28.801,0.130272341156941,20.1,0.130097087378641,23.2,0.0946166394779772,12.6,0.0627490039840637,18.425,0.123500234600174,—,,—,,—,,—,,—,,—,,—,,—,,—,,—,,—,,—,,—,,—,,—,,—,,—,,—,,—,,—,,—,,—,
Impairment Charges,,—,,—,,—,,—,,—,,—,,—,,0.000817,1.0,—,,—,,—,,—,,—,,—,,—,,—,,—,,—,,—,,—,,—,,0.00093,1.0,—,,—,,—,,—,,—,,—,,—,,—,,—,,—,,—,,—,,—,,—,,—,,—,,—,,—,
  Construction Materials,,—,,—,,—,,—,,—,,—,,—,,0.000817,1.0,—,,—,,—,,—,,—,,—,,—,,—,,—,,—,,—,,—,,—,,—,,—,,—,,—,,—,,—,,—,,—,,—,,—,,—,,—,,—,,—,,—,,—,,—,,—,,—,
  Concrete,,—,,—,,—,,—,,—,,—,,—,,0.000817,1.0,—,,—,,—,,—,,—,,—,,—,,—,,—,,—,,—,,—,,—,,0.00093,1.0,—,,—,,—,,—,,—,,—,,—,,—,,—,,—,,—,,—,,—,,—,,—,,—,,—,,—,
Goodwill,,579.817,1.0,600.181,1.0,616.341,1.0,636.582,1.0,646.833,1.0,—,,628.683,1.0,630.802,1.0,625.076,1.0,620.189,1.0,650.206,1.0,650.205,1.0,650.205,1.0,3789.091,1.0,3900.36,1.0,3895.267,1.0,3899.517,1.0,3085.468,1.0,3082.467,1.0,2999.891,1.0,3093.979,1.0,3093.979,1.0,3093.979,1.0,3093.979,1.0,3093.979,1.0,3097.016,1.0,3097.016,1.0,3097.016,1.0,3086.716,1.0,3086.716,1.0,3086.716,1.0,3086.716,1.0,—,,—,,3095.801,1.0,—,,—,,3081.521,1.0,3081.521,1.0,3081.521,1.0
  Aggregates,,—,,—,,—,,—,,—,,—,,—,,—,,—,,528.556,0.85224987866602,558.573,0.859070817556282,558.572,0.859070600810514,558.572,0.859070600810514,3399.796,0.897258999585917,3511.065,0.900189982463157,3505.972,0.900059482443694,3510.222,0.900168405471755,2993.835,0.970301750010047,2990.834,0.970272836659727,2999.891,1.0,3002.346,0.970383444748655,3002.346,0.970383444748655,3002.346,0.970383444748655,3002.346,0.970383444748655,3002.346,0.970383444748655,3005.383,0.970412487374944,3005.383,0.970412487374944,3005.383,0.970412487374944,2995.083,0.970313757404309,2995.083,0.970313757404309,2995.083,0.970313757404309,2995.083,0.970313757404309,—,,—,,3004.168,0.970400875250056,—,,—,,2989.888,0.970263710680537,2989.888,0.970263710680537,2989.888,0.970263710680537
  Asphalt,,—,,—,,—,,—,,—,,—,,—,,—,,—,,—,,—,,—,,—,,—,,—,,—,,—,,—,,—,,—,,91.633,0.0296165552513446,91.633,0.0296165552513446,91.633,0.0296165552513446,91.633,0.0296165552513446,91.633,0.0296165552513446,91.633,0.0295875126250559,91.633,0.0295875126250559,91.633,0.0295875126250559,91.633,0.0296862425956907,91.633,0.0296862425956907,91.633,0.0296862425956907,91.633,0.0296862425956907,—,,—,,91.633,0.0295991247499435,—,,—,,91.633,0.0297362893194627,91.633,0.0297362893194627,91.633,0.0297362893194627
  Calcium,,—,,—,,—,,—,,—,,—,,—,,—,,—,,0,,0,,0,,0,,297.662,0.0785576276737613,297.662,0.076316545139423,297.662,0.0764163278152692,297.662,0.0763330432974135,0,,0,,—,,0,,0,,0,,0,,0,,0,,0,,0,,0,,0,,0,,0,,—,,—,,0,,—,,—,,0,,0,,0,
  Concrete,,—,,—,,—,,—,,—,,—,,—,,—,,—,,—,,—,,—,,—,,—,,—,,—,,—,,—,,—,,—,,0,,0,,0,,0,,0,,0,,0,,0,,0,,0,,0,,0,,—,,—,,0,,—,,—,,0,,0,,0,
  Construction Materials,,579.442,0.99935324421326,600.181,1.0,616.341,1.0,636.582,1.0,646.833,1.0,—,,628.683,1.0,630.802,1.0,625.076,1.0,—,,—,,—,,—,,—,,—,,—,,—,,—,,—,,—,,—,,—,,—,,—,,—,,—,,—,,—,,—,,—,,—,,—,,—,,—,,—,,—,,—,,—,,—,,—,
  Chemicals,,0.375,0.000646755786739609,0,,—,,—,,—,,—,,—,,—,,—,,—,,—,,—,,—,,—,,—,,—,,—,,—,,—,,—,,—,,—,,—,,—,,—,,—,,—,,—,,—,,—,,—,,—,,—,,—,,—,,—,,—,,—,,—,,—,
  Asphalt Mix and Concrete,,—,,—,,—,,—,,—,,—,,—,,—,,—,,91.633,0.14775012133398,91.633,0.140929182443718,91.633,0.140929399189486,91.633,0.140929399189486,91.633,0.0241833727403221,91.633,0.0234934723974197,91.633,0.023524189741037,91.633,0.0234985512308319,91.633,0.0296982499899529,91.633,0.0297271633402726,—,,—,,—,,—,,—,,—,,—,,—,,—,,—,,—,,—,,—,,—,,—,,—,,—,,—,,—,,—,,—,
Assets,,3636.054,1.0,—,,—,,—,,—,,3588.884,1.0,—,,—,,—,,3427.834,1.0,—,,—,,—,,8936.37,1.0,—,,—,,—,,8914.169,1.0,—,,—,,—,,8524.871,1.0,—,,—,,—,,8339.536,1.0,—,,—,,—,,8229.314,1.0,—,,—,,—,,—,,8078.475,1.0,—,,—,,8259.143,1.0,7872.235,1.0,7933.898,1.0
  Aggregates,,—,,—,,—,,—,,—,,2556.5,0.892445716679467,—,,—,,—,,2889.2,0.90211384144628,—,,—,,—,,7207.8,0.831224845178924,—,,—,,—,,7530.6,0.862275860489615,—,,—,,—,,7210.7,0.865931716924259,—,,—,,—,,6984.5,0.860774937763427,—,,—,,—,,6837,0.859913467827137,—,,—,,—,,—,,6737.2,0.863887571005424,—,,—,,7006.724,0.877467214532341,7004.2,0.935814873206317,7126.4,0.938177988414955
  Adjustment,,434.654,,—,,—,,—,,—,,448.684,,—,,—,,—,,55.334,,—,,—,,—,,34.87,,—,,—,,—,,7.769,,—,,—,,—,,11.871,,—,,—,,—,,47.536,,—,,—,,—,,155.814,,—,,—,,—,,—,,-0.025,,—,,—,,219.767,,268.835,,250.798,
  Concrete,,—,,—,,—,,—,,—,,—,,—,,—,,—,,—,,—,,—,,—,,—,,—,,—,,—,,—,,—,,—,,—,,448.9,0.0539083234259226,—,,—,,—,,483.2,0.0595499248231495,—,,—,,—,,461.1,0.057994164109272,—,,—,,—,,—,,380.4,0.0487773603292857,—,,—,,370.103,0.0463487998813801,240.4,0.0321192849317265,238.7,0.0314244339125856
  Asphalt,,—,,—,,—,,—,,—,,—,,—,,—,,—,,—,,—,,—,,—,,—,,—,,—,,—,,—,,—,,—,,—,,220.6,0.0264918158782769,—,,—,,—,,211.5,0.0260654161839738,—,,—,,—,,234.9,0.0295441968103839,—,,—,,—,,—,,268.9,0.0344801056586354,—,,—,,195.046,0.0244260328115786,225.4,0.0301151698153542,224.9,0.0296076882569774
  Corporate,,—,,—,,—,,—,,—,,275.6,,—,,—,,—,,169.8,,—,,—,,—,,230.2,,—,,—,,—,,173,,—,,—,,—,,185.9,,—,,—,,—,,177.8,,—,,—,,—,,122.7,,—,,—,,—,,—,,279.8,,—,,—,,54.207,,118.8,,87.1,
  Calcium,,—,,—,,—,,—,,—,,0,,—,,—,,—,,0,,—,,—,,—,,587.9,0.067798369333318,—,,—,,—,,435.2,0.0498316806741933,—,,—,,—,,446.9,0.0536681437715411,—,,—,,—,,435,0.0536097212294496,—,,—,,—,,417.8,0.0525481712532072,—,,—,,—,,—,,412.2,0.052854963006655,—,,—,,413.296,0.0517579527747002,14.6,0.00195067204660236,6,0.000789889415481833
  Construction Materials,,2717.6,0.848878615605672,—,,—,,—,,—,,—,,—,,—,,—,,—,,—,,—,,—,,—,,—,,—,,—,,—,,—,,—,,—,,—,,—,,—,,—,,—,,—,,—,,—,,—,,—,,—,,—,,—,,—,,—,,—,,—,,—,,—,
  Chemicals,,483.8,0.151121384394327,—,,—,,—,,—,,—,,—,,—,,—,,—,,—,,—,,—,,—,,—,,—,,—,,—,,—,,—,,—,,—,,—,,—,,—,,—,,—,,—,,—,,—,,—,,—,,—,,—,,—,,—,,—,,—,,—,,—,
  Asphalt Mix and Concrete,,—,,—,,—,,—,,—,,308.1,0.107554283320533,—,,—,,—,,313.5,0.0978861585537203,—,,—,,—,,875.6,0.100976785487758,—,,—,,—,,767.6,0.0878924588361921,—,,—,,—,,—,,—,,—,,—,,—,,—,,—,,—,,—,,—,,—,,—,,—,,—,,—,,—,,—,,—,,—,
Number of Units Sold,,—,,—,,—,,—,,—,,—,,—,,—,,—,,—,,—,,—,,—,,—,,—,,—,,—,,—,,—,,206.18,1.0,—,,—,,—,,—,,—,,—,,—,,—,,—,,—,,—,,—,,—,,235.73,1.0,—,,—,,—,,241.78,1.0,—,,—,
  Aggregates,,—,,—,,—,,—,,—,,—,,—,,—,,—,,—,,—,,—,,—,,—,,—,,—,,—,,—,,—,,10.31,0.0953746530989824,—,,—,,—,,—,,—,,—,,—,,—,,—,,—,,—,,—,,—,,10.44,0.0442879565604717,—,,—,,—,,10.8,0.0446687070890893,—,,—,
  Calcium,,—,,—,,—,,—,,—,,—,,—,,—,,—,,—,,—,,—,,—,,—,,—,,—,,—,,—,,—,,97.79,0.904625346901018,—,,—,,—,,—,,—,,—,,—,,—,,—,,—,,—,,—,,—,,77.77,0.32991133924405,—,,—,,—,,83.05,0.343494085532302,—,,—,
  Corporate,,—,,—,,—,,—,,—,,—,,—,,—,,—,,—,,—,,—,,—,,—,,—,,—,,—,,—,,—,,98.08,,—,,—,,—,,—,,—,,—,,—,,—,,—,,—,,—,,—,,—,,—,,—,,—,,—,,—,,—,,—,
  Asphalt,,—,,—,,—,,—,,—,,—,,—,,—,,—,,—,,—,,—,,—,,—,,—,,—,,—,,—,,—,,—,,—,,—,,—,,—,,—,,—,,—,,—,,—,,—,,—,,—,,—,,55.33,0.234717685487634,—,,—,,—,,54.83,0.226776408305071,—,,—,
  Concrete,,—,,—,,—,,—,,—,,—,,—,,—,,—,,—,,—,,—,,—,,—,,—,,—,,—,,—,,—,,—,,—,,—,,—,,—,,—,,—,,—,,—,,—,,—,,—,,—,,—,,92.19,0.391083018707844,—,,—,,—,,93.1,0.385060799073538,—,,—,
Shipments/Sales (in Short Tons),,—,,—,,—,,—,,—,,—,,—,,—,,—,,—,,—,,—,,—,,—,,—,,—,,—,,—,,—,,—,,—,,—,,—,,—,,—,,—,,—,,—,,—,,—,,—,,—,,—,,—,,—,,—,,—,,—,,—,,—,
  Aggregates,,—,,—,,—,,—,,—,,—,,56165,,70109,,68873,,60262,,48043,,63103,,63503,,56426,,45987,,59247,,55453,,43511,,32053,,40722,,44544,,33544,,27431,,43069,,43393,,33701,,26664,,39230,,42567,,34569,,29452,,38724,,—,,33.404,,27859,,—,,42.765,,35736,,29628,,43648,
  Asphalt,,—,,—,,—,,—,,—,,—,,2264,,3041,,3427,,—,,—,,—,,—,,—,,—,,—,,—,,—,,1398,,1902,,2336,,1779,,1270,,1934,,2258,,1704,,1241,,1998,,2283,,1686,,1284,,1838,,—,,1.493,,1229,,—,,2.172,,1665,,1441,,1857,
  Calcium,,—,,—,,—,,—,,—,,—,,—,,—,,—,,0,,0,,0,,835,,142,,290,,298,,247,,204,,168,,146,,178,,139,,174,,244,,218,,199,,176,,170,,221,,226,,217,,219,,—,,0.244,,248,,—,,0.284,,80,,70,,84,
  Concrete,,—,,—,,—,,—,,—,,—,,1050,,—,,1052.8,,—,,—,,—,,—,,—,,—,,—,,—,,—,,—,,—,,—,,—,,—,,—,,—,,—,,—,,—,,—,,—,,—,,—,,—,,—,,—,,—,,—,,—,,—,,—,
  Asphalt Mix and Concrete,,—,,—,,—,,—,,—,,—,,—,,—,,—,,2867,,2741.6,,3195,,3912,,2630,,4136,,2725,,4810.2,,2026,,—,,—,,—,,—,,—,,—,,—,,—,,—,,—,,—,,—,,—,,—,,—,,—,,—,,—,,—,,—,,—,,—,
Shipment/Sales in Cubic Feet,,—,,—,,—,,—,,—,,—,,—,,—,,—,,—,,—,,—,,—,,—,,—,,—,,—,,—,,—,,—,,—,,—,,—,,—,,—,,—,,—,,—,,—,,—,,—,,—,,—,,—,,—,,—,,—,,—,,—,,—,
  Concrete,,—,,—,,—,,—,,—,,—,,—,,—,,—,,—,,—,,—,,—,,—,,—,,—,,—,,—,,1.087,,1.129,,1.191,,—,,0.883,,1.145,,1.137,,0.973,,0.859,,1.009,,1.043,,0.972,,0.964,,—,,—,,1.075,,1.023,,—,,1.304,,1.24,,0.958,,0.949,
Depreciation and Amortization,,—,,—,,—,,—,,—,,—,,—,,—,,—,,—,,—,,—,,—,,—,,—,,—,,—,,—,,99.3,1.0,99.6,1.0,99.2,1.0,96.454,1.0,94.2,1.0,97.3,1.0,97.7,1.0,92.919,1.0,90.6,1.0,92.1,1.0,90.9,1.0,88.048,1.0,85.2,1.0,83.7,1.0,84.1,1.0,78.568,1.0,75.6,1.0,—,,78.3,1.0,74.235,1.0,69.4,1.0,68.3,1.0
  Aggregates,,—,,—,,—,,—,,—,,—,,—,,—,,—,,—,,—,,—,,—,,—,,—,,—,,—,,—,,78.8,0.801627670396745,78.3,0.786144578313253,78.1,0.796938775510204,77.073,0.812252339600371,73.1,0.776008492569002,74.9,0.781837160751566,74.5,0.775234131113424,70.479,0.758499338133213,70.1,0.773730684326711,71.1,0.781318681318681,70.3,0.782850779510022,63.993,0.726796747228784,62.4,0.732394366197183,64.6,0.786845310596833,59.6,0.708680142687277,57.044,0.726046227471744,55.9,0.739417989417989,—,,56.7,0.724137931034483,53.577,0.721721559911093,54.6,0.786743515850144,56.3,0.824304538799414
  Concrete,,—,,—,,—,,—,,—,,—,,—,,—,,—,,—,,—,,—,,—,,—,,—,,—,,—,,—,,12.9,0.131230925737538,13.3,0.133534136546185,12.8,0.130612244897959,13.653,0.143885422814265,13,0.138004246284501,13.4,0.139874739039666,13.6,0.141519250780437,13.532,0.145632217307547,2,0.022075055187638,13.2,0.145054945054945,13.1,0.145879732739421,11.556,0.131246592767581,11.2,0.131455399061033,11.4,0.138855054811206,10.5,0.124851367419738,9.211,0.117236024844721,8,0.105820105820106,—,,8.4,0.10727969348659,8.457,0.113922004445343,6,0.0864553314121037,4.8,0.0702781844802343
  Other,,—,,—,,—,,—,,—,,—,,—,,—,,—,,—,,—,,—,,—,,—,,—,,—,,—,,—,,—,,1,0.0100401606425703,—,,—,,1.5,0.0159235668789809,—,,—,,1.366,0.0147009761189854,1.2,0.0132450331125828,—,,—,,5.47,0.0621252044339451,5.4,0.0633802816901408,—,,6.1,0.0725326991676576,5.708,0.0726504429284187,5.8,0.0767195767195767,—,,5.6,0.0715197956577267,5.569,0.0750185222603893,5.3,0.0763688760806916,4.6,0.0673499267935578
  Asphalt,,—,,—,,—,,—,,—,,—,,—,,—,,—,,—,,—,,—,,—,,—,,—,,—,,—,,—,,2,0.0203458799593082,2.2,0.0220883534136546,2.2,0.0224489795918367,2.237,0.0235751622966023,2.2,0.0233545647558386,2.3,0.0240083507306889,2.2,0.0228928199791884,2.019,0.0217286023310625,13,0.143487858719647,2,0.021978021978022,1.9,0.0211581291759465,2.132,0.0242140650554243,2.2,0.0258215962441315,2.4,0.0292326431181486,2.1,0.0249702734839477,2.097,0.0266902555747887,2,0.0264550264550265,—,,2.2,0.0280970625798212,2.297,0.0309422779012595,2.4,0.0345821325648415,2.4,0.0351390922401171
  Calcium,,—,,—,,—,,—,,—,,—,,—,,—,,—,,—,,—,,—,,—,,—,,—,,—,,—,,—,,4.6,0.0467955239064089,4.8,0.0481927710843374,4.9,0.05,1.925,0.0202870752887615,4.4,0.0467091295116773,5.2,0.0542797494780793,5.8,0.0603537981269511,5.523,0.0594388661091919,4.3,0.0474613686534216,4.7,0.0516483516483517,4.5,0.0501113585746102,4.897,0.0556173905142649,4,0.0469483568075117,3.7,0.0450669914738124,5.8,0.0689655172413793,4.508,0.0573770491803279,3.9,0.0515873015873016,—,,5.4,0.0689655172413793,4.335,0.0583956354819156,1.1,0.015850144092219,0.2,0.00292825768667643
  Corporate,,—,,—,,—,,—,,—,,—,,—,,—,,—,,—,,—,,—,,—,,—,,—,,—,,—,,—,,1,,—,,1.2,,1.566,,—,,1.5,,1.6,,—,,—,,1.1,,1.1,,—,,—,,1.6,,—,,—,,—,,—,,—,,—,,—,,—,
Number of Employees,,—,,8410,1.0,—,,—,,—,,—,,—,,—,,—,,—,,—,,—,,—,,—,,—,,—,,—,,—,,—,,—,,—,,—,,—,,—,,—,,—,,—,,—,,—,,—,,—,,—,,—,,—,,—,,—,,—,,—,,—,,—,
  Construction Materials,,—,,7238,0.883760683760684,—,,—,,—,,—,,—,,—,,—,,—,,—,,—,,—,,—,,—,,—,,—,,—,,—,,—,,—,,—,,—,,—,,—,,—,,—,,—,,—,,—,,—,,—,,—,,—,,—,,—,,—,,—,,—,,—,
  Chemicals,,—,,952,0.116239316239316,—,,—,,—,,—,,—,,—,,—,,—,,—,,—,,—,,—,,—,,—,,—,,—,,—,,—,,—,,—,,—,,—,,—,,—,,—,,—,,—,,—,,—,,—,,—,,—,,—,,—,,—,,—,,—,,—,
  Corporate,,—,,220,,—,,—,,—,,—,,—,,—,,—,,—,,—,,—,,—,,—,,—,,—,,—,,—,,—,,—,,—,,—,,—,,—,,—,,—,,—,,—,,—,,—,,—,,—,,—,,—,,—,,—,,—,,—,,—,,—,
Average Sales Price,,—,,—,,—,,—,,—,,—,,—,,—,,—,,—,,—,,—,,—,,—,,—,,—,,—,,—,,—,,—,,—,,—,,—,,—,,—,,—,,—,,—,,—,,—,,—,,—,,—,,—,,—,,—,,—,,—,,—,,—,
  Concrete,,—,,—,,—,,—,,—,,—,,—,,—,,—,,—,,—,,—,,—,,—,,—,,—,,—,,—,,99.47,,96.74,,96.15,,93.34,,87.21,,86.08,,87.62,,86.95,,91.05,,92.81,,93.06,,91.5,,91.78,,92.36,,—,,91.38,,92.02,,92.4,,94.6,,93.12,,95.41,,98.82,
  Asphalt,,—,,—,,—,,—,,—,,—,,—,,—,,—,,—,,—,,—,,—,,—,,—,,—,,—,,—,,55.19,,53.64,,52.38,,49.93,,49.52,,51.13,,50.62,,50.7,,51.38,,55,,55.84,,55.29,,54.21,,55.29,,—,,56.07,,53.76,,54.51,,55.63,,54.93,,53.07,,53.52,
  Calcium,,—,,—,,—,,—,,—,,—,,—,,—,,—,,93.78,,47.53,,0,,0,,93.85,,98.16,,96.5,,96.76,,95.11,,97,,98.7,,93.31,,94.03,,85.32,,76.64,,79.56,,76.9,,76.11,,78.38,,72.63,,69.21,,78.28,,77.79,,—,,77.2,,82.92,,82.86,,81.68,,26.17,,27.05,,25.55,
  Aggregates,,—,,—,,—,,—,,—,,—,,—,,—,,—,,8.62,,9.36,,9.24,,9.43,,9.37,,10.04,,10.02,,9.96,,9.91,,10.26,,10.35,,10.2,,10.39,,10.35,,10.11,,10.18,,9.95,,10.33,,10.36,,10.24,,10.07,,10.25,,10.38,,—,,10.45,,10.72,,10.75,,10.89,,10.82,,10.94,,11.08,
  Asphalt Mix and Concrete,,—,,—,,—,,—,,—,,—,,—,,—,,—,,46.52,,142.95,,143.42,,146.02,,143.82,,48.95,,149.32,,155.57,,159.05,,—,,—,,—,,—,,—,,—,,—,,—,,—,,—,,—,,—,,—,,—,,—,,—,,—,,—,,—,,—,,—,,—,
Cement Volume/Shipments,,—,,—,,—,,—,,—,,—,,—,,—,,—,,—,,—,,—,,—,,0.000142,1.0,0.00029,1.0,0.000298,1.0,0.000247,1.0,0.000204,1.0,0.000168,1.0,—,,0.000178,1.0,0.000139,1.0,0.000174,1.0,0.000244,1.0,0.000218,1.0,0.000199,1.0,0.000176,1.0,0.00017,1.0,0.000221,1.0,0.000226,1.0,0.000217,1.0,—,,—,,0.000244,1.0,0.000248,1.0,0.000263,1.0,0.000284,1.0,0.000278,1.0,0.000172,1.0,0,
  Calcium,,—,,—,,—,,—,,—,,—,,—,,—,,—,,—,,—,,—,,—,,0.000142,1.0,0.00029,1.0,—,,—,,0.000204,1.0,0.000168,1.0,—,,0.000178,1.0,0.000139,1.0,0.000174,1.0,0.000244,1.0,0.000218,1.0,0.000199,1.0,0.000176,1.0,0.00017,1.0,0.000221,1.0,0.000226,1.0,0.000217,1.0,—,,—,,0.000244,1.0,0.000248,1.0,0.000263,1.0,0.000284,1.0,0.000278,1.0,0.000172,1.0,0,
  Asphalt Mix and Concrete,,—,,—,,—,,—,,—,,—,,—,,—,,—,,—,,—,,—,,—,,—,,—,,0.000298,1.0,0.000247,1.0,—,,—,,—,,—,,—,,—,,—,,—,,—,,—,,—,,—,,—,,—,,—,,—,,—,,—,,—,,—,,—,,—,,—,
Cement Price,,—,,—,,—,,—,,—,,—,,—,,—,,—,,—,,—,,—,,—,,—,,—,,—,,—,,—,,—,,—,,—,,—,,—,,—,,—,,—,,—,,—,,—,,—,,—,,—,,—,,—,,—,,—,,—,,—,,—,,—,
  Calcium,,—,,—,,—,,—,,—,,—,,—,,—,,—,,—,,—,,—,,—,,—,,98.16,,—,,96.76,,96.75,,97,,—,,93.31,,94.03,,85.32,,76.64,,79.56,,76.9,,76.11,,78.38,,72.63,,69.21,,78.28,,—,,—,,77.2,,82.92,,82.86,,81.68,,84.73,,92.51,,—,
  Asphalt Mix and Concrete,,—,,—,,—,,—,,—,,—,,—,,—,,—,,—,,—,,—,,—,,—,,—,,96.5,,—,,—,,—,,—,,—,,—,,—,,—,,—,,—,,—,,—,,—,,—,,—,,—,,—,,—,,—,,—,,—,,—,,—,,—,
Aggregates Volume/Shipments,,—,,—,,—,,—,,—,,—,,56.165,1.0,70.109,1.0,68.873,1.0,60.262,1.0,48.043,1.0,63.103,1.0,63.503,1.0,56.426,1.0,45.987,1.0,59.247,1.0,55.453,1.0,43.511,1.0,32.053,1.0,—,,44.544,1.0,33.544,1.0,27.431,1.0,43.069,1.0,43.393,1.0,147.593,1.0,26.664,1.0,39.23,1.0,42.567,1.0,—,,29.452,1.0,—,,—,,33.404,1.0,27.859,1.0,39.565,1.0,42.765,1.0,35.736,1.0,29.628,1.0,43.648,1.0
  Aggregates,,—,,—,,—,,—,,—,,—,,56.165,1.0,70.109,1.0,68.873,1.0,60.262,1.0,48.043,1.0,63.103,1.0,63.503,1.0,56.426,1.0,45.987,1.0,59.247,1.0,55.453,1.0,43.511,1.0,32.053,1.0,—,,44.544,1.0,33.544,1.0,27.431,1.0,43.069,1.0,43.393,1.0,147.593,1.0,26.664,1.0,39.23,1.0,42.567,1.0,—,,29.452,1.0,—,,—,,33.404,1.0,27.859,1.0,39.565,1.0,42.765,1.0,35.736,1.0,29.628,1.0,43.648,1.0
Aggregates Price,,—,,—,,—,,—,,—,,—,,—,,—,,—,,—,,—,,—,,—,,—,,—,,—,,—,,—,,—,,—,,—,,—,,—,,—,,—,,—,,—,,—,,—,,—,,—,,—,,—,,—,,—,,—,,—,,—,,—,,—,
  Aggregates,,—,,—,,—,,—,,—,,—,,—,,—,,8.42,,—,,9.36,,9.24,,9.43,,9.37,,10.19,,10.02,,9.96,,9.91,,10.26,,—,,10.2,,10.39,,10.35,,10.11,,10.18,,9.95,,10.33,,10.36,,10.24,,10.07,,10.25,,—,,—,,10.45,,10.72,,10.75,,10.89,,10.82,,10.94,,11.08,
Ready Mix Concrete Volumes/Shipments,,—,,—,,—,,—,,—,,—,,0.00075,1.0,0.000817,1.0,0.000752,1.0,0.574,1.0,0.504,1.0,0.586,1.0,—,,0.000971,1.0,0.001595,1.0,0.001727,1.0,0.001678,1.0,0.001352,1.0,0.001087,1.0,—,,0.001191,1.0,1779,1.0,0.000883,1.0,0.001145,1.0,0.001137,1.0,0.000973,1.0,0.000859,1.0,1009,1.0,0.001043,1.0,0.000972,1.0,0.000964,1.0,—,,—,,0.001075,1.0,0.001023,1.0,0.001231,1.0,0.001304,1.0,0.00124,1.0,0.000958,1.0,0.000949,1.0
  Concrete,,—,,—,,—,,—,,—,,—,,0.00075,1.0,0.000817,1.0,0.000752,1.0,—,,—,,—,,—,,—,,—,,—,,—,,—,,0.001087,1.0,—,,0.001191,1.0,1779,1.0,0.000883,1.0,0.001145,1.0,0.001137,1.0,0.000973,1.0,0.000859,1.0,1009,1.0,0.001043,1.0,0.000972,1.0,0.000964,1.0,—,,—,,0.001075,1.0,0.001023,1.0,0.001231,1.0,0.001304,1.0,0.00124,1.0,0.000958,1.0,0.000949,1.0
  Construction Materials,,—,,—,,—,,—,,—,,—,,0.00075,1.0,0.000817,1.0,0.000752,1.0,—,,—,,—,,—,,—,,—,,—,,—,,—,,—,,—,,—,,—,,—,,—,,—,,—,,—,,—,,—,,—,,—,,—,,—,,—,,—,,—,,—,,—,,—,,—,
  Asphalt Mix and Concrete,,—,,—,,—,,—,,—,,—,,—,,—,,—,,0.574,1.0,0.504,1.0,0.586,1.0,—,,0.000971,1.0,0.001595,1.0,0.001727,1.0,0.001678,1.0,0.001352,1.0,—,,—,,—,,—,,—,,—,,—,,—,,—,,—,,—,,—,,—,,—,,—,,—,,—,,—,,—,,—,,—,,—,
Ready Mix Concrete Price,,—,,—,,—,,—,,—,,—,,—,,—,,—,,—,,—,,—,,—,,—,,—,,—,,—,,—,,—,,—,,—,,—,,—,,—,,—,,—,,—,,—,,—,,—,,—,,—,,—,,—,,—,,—,,—,,—,,—,,—,
  Concrete,,—,,—,,—,,—,,—,,—,,—,,—,,—,,—,,—,,—,,—,,—,,—,,—,,—,,—,,99.47,,—,,96.15,,93.34,,87.21,,86.08,,87.62,,86.95,,91.05,,92.81,,93.06,,91.5,,91.78,,—,,—,,91.38,,92.02,,92.4,,94.6,,93.12,,95.41,,98.82,
  Asphalt Mix and Concrete,,—,,—,,—,,—,,—,,—,,—,,—,,—,,—,,95.42,,95.13,,—,,94.93,,99.51,,97.39,,96.89,,97.78,,—,,—,,—,,—,,—,,—,,—,,—,,—,,—,,—,,—,,—,,—,,—,,—,,—,,—,,—,,—,,—,,—,
Asphalt Volume/Shipments,,—,,—,,—,,—,,—,,—,,0.002264,1.0,—,,0.003427,1.0,2.867,1.0,0.002036,1.0,0.002609,1.0,0.003247,1.0,0.00263,1.0,0.001903,1.0,0.002725,1.0,0.002881,1.0,0.002026,1.0,0.001398,1.0,—,,0.002336,1.0,1779,1.0,0.00127,1.0,0.001934,1.0,0.002258,1.0,0.001704,1.0,0.001241,1.0,0.001998,1.0,0.002283,1.0,0.001686,1.0,0.001284,1.0,—,,—,,0.001493,1.0,0.001229,1.0,0.001803,1.0,0.002172,1.0,0.001665,1.0,0.001441,1.0,0.001857,1.0
  Asphalt,,—,,—,,—,,—,,—,,—,,0.002264,1.0,—,,0.003427,1.0,—,,—,,—,,—,,—,,—,,—,,—,,—,,0.001398,1.0,—,,0.002336,1.0,1779,1.0,0.00127,1.0,0.001934,1.0,0.002258,1.0,0.001704,1.0,0.001241,1.0,0.001998,1.0,0.002283,1.0,0.001686,1.0,0.001284,1.0,—,,—,,0.001493,1.0,0.001229,1.0,0.001803,1.0,0.002172,1.0,0.001665,1.0,0.001441,1.0,0.001857,1.0
  Construction Materials,,—,,—,,—,,—,,—,,—,,0.002264,1.0,—,,0.003427,1.0,—,,—,,—,,—,,—,,—,,—,,—,,—,,—,,—,,—,,—,,—,,—,,—,,—,,—,,—,,—,,—,,—,,—,,—,,—,,—,,—,,—,,—,,—,,—,
  Asphalt,,—,,—,,—,,—,,—,,—,,—,,—,,—,,2.867,1.0,—,,—,,—,,—,,—,,—,,—,,—,,—,,—,,—,,—,,—,,—,,—,,—,,—,,—,,—,,—,,—,,—,,—,,—,,—,,—,,—,,—,,—,,—,
  Asphalt Mix and Concrete,,—,,—,,—,,—,,—,,—,,—,,—,,—,,—,,0.002036,1.0,0.002609,1.0,0.003247,1.0,0.00263,1.0,0.001903,1.0,0.002725,1.0,0.002881,1.0,0.002026,1.0,—,,—,,—,,—,,—,,—,,—,,—,,—,,—,,—,,—,,—,,—,,—,,—,,—,,—,,—,,—,,—,,—,
Asphalt Price,,—,,—,,—,,—,,—,,—,,—,,—,,—,,—,,—,,—,,—,,—,,—,,—,,—,,—,,—,,—,,—,,—,,—,,—,,—,,—,,—,,—,,—,,—,,—,,—,,—,,—,,—,,—,,—,,—,,—,,—,
  Asphalt,,—,,—,,—,,—,,—,,—,,—,,—,,—,,—,,—,,—,,—,,—,,—,,—,,—,,—,,55.19,,—,,52.38,,49.93,,49.52,,51.13,,50.62,,50.7,,51.38,,55,,55.84,,55.29,,54.21,,—,,—,,56.07,,53.76,,54.51,,55.63,,54.93,,53.07,,53.52,
  Asphalt Mix and Concrete,,—,,—,,—,,—,,—,,—,,—,,—,,—,,—,,47.53,,48.29,,—,,48.89,,48.95,,51.93,,58.68,,55.94,,—,,—,,—,,—,,—,,—,,—,,—,,—,,—,,—,,—,,—,,—,,—,,—,,—,,—,,—,,—,,—,,—,
Source: Bloomberg,,,,,,,,,,,,,,,,,,,,,,,,,,,,,,,,,,,,,,,,,,,,,,,,,,,,,,,,,,,,,,,,,,,,,,,,,,,,,,,,,
