Unnamed: 0,Unnamed: 1,Unnamed: 2,Unnamed: 3,Unnamed: 4,Unnamed: 5,Unnamed: 6,Unnamed: 7,Unnamed: 8,Unnamed: 9,Unnamed: 10,Unnamed: 11,Unnamed: 12,Unnamed: 13,Unnamed: 14,Unnamed: 15,Unnamed: 16,Unnamed: 17,Unnamed: 18,Unnamed: 19,Unnamed: 20,Unnamed: 21,Unnamed: 22,Unnamed: 23,Unnamed: 24,Unnamed: 25,Unnamed: 26,Unnamed: 27,Unnamed: 28,Unnamed: 29,Unnamed: 30,Unnamed: 31
Prologis Inc (PLD US) - By Measure,,,,,,,,,,,,,,,,,,,,,,,,,,,,,,,
,,,,,,,,,,,,,,,,,,,,,,,,,,,,,,,
date,,FY 2009,,FY 2010,,FY 2011,,FY 2012,,FY 2013,,FY 2014,,FY 2015,,FY 2016,,FY 2017,,FY 2018,,FY 2019,,FY 2020,,FY 2021,,FY 2022,,FY 2023,
date,,12/31/2009,,12/31/2010,,12/31/2011,,12/31/2012,,12/31/2013,,12/31/2014,,12/31/2015,,12/31/2016,,12/31/2017,,12/31/2018,,12/31/2019,,12/31/2020,,12/31/2021,,12/31/2022,,12/31/2023,
Revenue,,1075.444,1.0,884.587,1.0,1421.771,1.0,1960.518,1.0,1750.486,1.0,1760.787,1.0,2197.074,1.0,2533.135,1.0,2618.134,1.0,2804.449,1.0,3330.621,1.0,4438.735,1.0,4759.44,1.0,5973.692,1.0,8023.469,1.0
  Real Estate Operations,,701.971,0.683402276738732,762.061,0.861487903394465,1284.152,0.903205931194264,1833.739,0.935333927053972,1571.014,0.897473044628749,1540.916,0.875129132598094,1986.712,0.904253566334133,2229.573,0.880163512801331,2244.245,0.857192565391993,2398.149,0.85512305625811,2838.735,0.852314027924522,3801.748,0.856493573056288,4168.69,0.875878254584573,4934.107,0.825972781991438,6823.237,0.850409841428938
    U.S.,,—,,—,,—,,—,,—,,1306.194,0.741823968486819,1801.858,0.820117119405172,2040.308,0.80544779492605,2025.184,0.773521905295909,2173.279,0.774939747522597,2645.194,0.79420444415621,3600.335,0.811117356634266,3967.18,0.833539239910578,4726.072,0.791147585111519,6558.051,0.817358551519299
    Other Americas,,—,,—,,—,,—,,—,,97.37,0.055299136124926,57.535,0.026187101572364,58.519,0.0231014138606904,84.789,0.0323852789811369,119.954,0.0427727514388744,94.984,0.0285184054264955,87.83,0.0197871690920949,98.62,0.0207209251508581,92.751,0.0155265788728311,110.305,0.0137477941274529
    Europe,,62.477,0.0608243418087154,91.458,0.103390621838214,307.416,0.216220474323924,435.244,0.222004592663776,174.397,0.0996277605190787,74.413,0.0422612161493696,69.527,0.0316452700273182,75.602,0.0298452313042929,73.708,0.0281528752920973,54.405,0.0193995326711236,44.356,0.0133176365608696,68.801,0.015500136863318,55.533,0.0116679693409309,56.731,0.00949680699975827,95.915,0.0119543055503798
    Asia,,45.129,0.0439352357105097,82.692,0.0934809125614552,155.646,0.109473325873154,221.575,0.113018600186277,107.692,0.0615212003980609,62.939,0.0357448118369797,57.792,0.0263040753292789,55.144,0.0217690727102977,60.564,0.0231325058228494,50.511,0.0180110246255147,54.201,0.0162735417809472,44.782,0.0100889104666082,47.357,0.00995012018220631,58.553,0.00980181100733014,58.966,0.00734919023180622
    Americas,,594.365,0.578642699219507,587.911,0.664616368994796,821.09,0.577512130997186,1176.92,0.60031073420392,1288.925,0.736324083711609,—,,—,,—,,—,,—,,—,,—,,—,,—,,—,
  Strategic Capital Management,,144.963,0.141128400237156,122.526,0.138512096605535,137.619,0.0967940688057359,126.779,0.0646660729460275,179.472,0.102526955371251,219.871,0.124870867401906,210.362,0.0957464336658665,303.562,0.119836487198669,373.889,0.142807434608007,406.3,0.14487694374189,491.886,0.147685972075478,636.987,0.143506426943713,590.75,0.124121745415427,1039.585,0.174027218008562,1200.232,0.149590158571062
    U.S.,,—,,—,,—,,—,,—,,84.178,0.0478070317420562,39.396,0.0179311211183601,39.36,0.0155380585716908,176.72,0.0674984550065046,74.618,0.0266070090773624,86.271,0.0259023767639728,354.825,0.0799383157588818,171.761,0.0360884894021145,215.416,0.0360607811718448,833.402,0.103870532808191
    Europe,,50.814,0.0494698545811749,54.835,0.0619893803549001,46.087,0.0324152061056246,37.047,0.0188965365275912,63.794,0.0364435933792101,86.549,0.0491535887077767,112.793,0.0513378247614782,186.652,0.0736841897490659,106.862,0.0408160926828039,174.898,0.0623644787264807,283.909,0.0852420614654144,145.016,0.0326705694302543,249.6,0.0524431445716303,644.832,0.107945304177048,181.651,0.0226399578536416
    Asia,,26.185,0.0254923474280329,1.038,0.00117342895611172,14.66,0.0103110838524629,20.31,0.0103595070282446,43.204,0.0246811456932532,38.154,0.0216687197258953,35.885,0.016333086641597,54.751,0.0216139289852298,61.813,0.0236095631468825,124.35,0.0443402607784987,81.359,0.0244275767191764,99.45,0.0224050320643156,110.734,0.0232661825761014,96.875,0.0162169392061057,95.396,0.0118896203126104
    Other Americas,,—,,—,,—,,—,,—,,10.99,0.00624152722617784,22.288,0.0101444011444312,22.799,0.00900030989268239,28.494,0.0108833237718161,32.434,0.0115651951595483,40.347,0.0121139571269142,37.696,0.00849250969026085,58.655,0.0123239288655808,82.462,0.0138041934535627,89.783,0.0111900475966194
    Americas,,67.964,0.0661661982279484,66.653,0.0753492872945228,76.872,0.0540677788476485,69.422,0.0354100293901918,72.474,0.0414022162987879,—,,—,,—,,—,,—,,—,,—,,—,,—,,—,
  Adjustment,,48.273,,—,,—,,—,,—,,—,,—,,—,,—,,—,,—,,—,,—,,—,,—,
  CDFS Business,,180.237,0.175469323024112,0,,0,,—,,—,,—,,—,,—,,—,,—,,—,,—,,—,,—,,—,
    Asia,,180.237,0.175469323024112,0,,0,,—,,—,,—,,—,,—,,—,,—,,—,,—,,—,,—,,—,
Operating Income,,-44.558,,-613.521,,94.778,1.0,92.9829999999999,1.0,304.412,1.0,319.808,1.0,380.172,1.0,668.378,1.0,771.066,1.0,847.002,1.0,991.948,1.0,1401.807,1.0,1617.409,1.0,2280.402,1.0,3084.483,1.0
  Real Estate Operations,,463.845,0.622085514377794,530.498,0.866310125497048,911.433,0.916851592914122,1315.944,0.954341240826947,1092.094,0.923713108576851,1087.16,0.89959081675293,1375.832,0.931017775407844,1375.832,0.931017775407844,1662.517,0.883722920481697,1783.941,0.877405136039182,2091.32,0.87191192994086,2819.675,0.870640621424983,3104.939,0.89004528570585,3688.033,0.833592811637285,5145.09,0.863302001080577
    U.S.,,—,,—,,—,,—,,—,,932.151,0.771325728896446,1256.188,0.850055353599879,1256.188,0.850055353599879,1519.164,0.807522597826463,1621.665,0.797592072795557,1953.727,0.814546735625139,2679.685,0.82741543391462,2966.498,0.850360525587083,3555.627,0.803665560493479,4954.565,0.831333539157486
    Other Americas,,—,,—,,—,,—,,—,,69.12,0.0571946330383408,38.28,0.0259038606767485,38.28,0.0259038606767485,58.842,0.0312778901430686,89.044,0.0437949814110853,69.393,0.0289312895943166,64.473,0.0199075470701882,72.424,0.0207606783166949,67.552,0.0152685351816868,84.922,0.0142491836947001
    Europe,,17.009,0.0228116127457489,49.975,0.0816098242061516,222.605,0.22392841694414,325.571,0.236108703802951,116.178,0.0982654803782838,40.627,0.0336175688143615,39.672,0.0268458192468121,39.672,0.0268458192468121,51.277,0.0272566597475635,34.807,0.0171193108797409,27.525,0.0114757071474581,43.531,0.0134412146404287,31.163,0.00893301969489623,24.738,0.00559144101321305,68.2,0.0114433754266097
    Asia,,30.913,0.041458956129657,60.912,0.0994700872845443,118.985,0.119692381977487,171.98,0.124722333623177,76.863,0.0650121332637507,45.262,0.0374528860037815,41.692,0.0282127418844044,41.692,0.0282127418844044,33.234,0.0176657727646025,38.425,0.0188987709527981,40.675,0.0169581975739459,31.986,0.00987642579974625,34.854,0.0099910621071756,40.116,0.00906727494890673,37.403,0.00627590280178127
    Americas,,415.923,0.557814945502388,419.611,0.685230214006352,569.843,0.573230793992496,818.393,0.593510203400819,899.053,0.760435494934817,—,,—,,—,,—,,—,,—,,—,,—,,—,,—,
  Strategic Capital Management,,101.547,0.136189713651159,81.867,0.133689874502952,82.657,0.0831484070858775,62.959,0.0456587591730528,90.193,0.0762868914231485,121.345,0.10040918324707,101.94,0.0689822245921563,101.94,0.0689822245921563,218.748,0.116277079518303,249.26,0.122594863960818,307.225,0.12808807005914,418.946,0.129359378575017,383.579,0.10995471429415,736.229,0.166407188362715,814.69,0.136697998919423
    U.S.,,—,,—,,—,,—,,—,,38.101,0.0315273830062763,-1.925,-0.00130263667196293,-1.925,-0.00130263667196293,106.471,0.0565954291394354,4.712,0.00231752787845373,-10.945,-0.00456318309641887,237.271,0.0732629721106607,59.991,0.0171967007193312,59.561,0.0134623582418944,629.336,0.105597186473326
    Europe,,34.508,0.0462803887724324,41.2,0.0672801352134756,30.708,0.0308905632286815,21.699,0.0157364223589332,41.263,0.0349010011951413,57.266,0.0473858196697573,86.264,0.0583743635689403,86.264,0.0583743635689403,68.127,0.0362133989629319,136.24,0.0670076396775331,246.213,0.102650982157933,99.504,0.0307241878564982,203.779,0.0584142033952526,557.676,0.126049497068664,78.626,0.0131927688605955
    Other Americas,,—,,—,,—,,—,,—,,1.911,0.00158129258877704,13.277,0.00898447121748145,13.277,0.00898447121748145,16.811,0.00893600848365329,19.874,0.00977473451960726,27.369,0.0114106677173036,24.923,0.00769555931367085,47.247,0.013543573517465,63.464,0.0143445392700523,62.765,0.0105314290124803
    Asia,,22.755,0.030517858076872,0.313,0.00051113306606354,9.305,0.00936031948817511,9.623,0.00697873599520778,30.145,0.0254971931519166,24.067,0.0199146879822591,4.324,0.00292602647769751,4.324,0.00292602647769751,27.339,0.0145322429322823,88.434,0.0434949618852243,44.588,0.018589603280322,57.248,0.0176766592941872,72.562,0.0208002366621012,55.528,0.0125507937821042,43.963,0.00737661457302115
    Americas,,44.284,0.0593914668018545,40.354,0.0658986062234125,42.644,0.0428975243690209,31.637,0.0229436008189118,18.785,0.0158886970760907,—,,—,,—,,—,,—,,—,,—,,—,,—,,—,
  Adjustment,,-790.187,,-1225.886,,-899.312,,-1285.92,,-877.875,,-888.697,,-1097.6,,-809.394,,-1110.199,,-1186.199,,-1406.597,,-1836.814,,-1871.109,,-2143.86,,-2875.297,
  CDFS Business,,180.237,0.241724771971047,—,,—,,—,,—,,—,,—,,—,,—,,—,,—,,—,,—,,—,,—,
    Asia,,180.237,0.241724771971047,—,,—,,—,,—,,—,,—,,—,,—,,—,,—,,—,,—,,—,,—,
Assets,,6841.958,1.0,14902.667,1.0,27723.912,1.0,27310.145,1.0,24572.307,1.0,25775.001,1.0,31394.767,1.0,30249.932,1.0,29481.075,1.0,38417.664,1.0,40031.85,1.0,56065.005,1.0,58486.22,1.0,87897.448,1.0,93020.84,1.0
  Real Estate Operations,,6841.958,1.0,11808.978,0.99639511692076,23630.994,0.995169315272296,24452.165,0.996261924341971,19084.509,0.995507970945547,20180.083,0.996153127160102,25399.23,0.997199590209213,24547.949,0.997277023437968,22918.099,0.998142829972256,31431.376,0.998680230203032,31590.756,0.998730103489863,46390.991,0.999162371336632,48088.165,0.99921948193698,76673.811,0.999526425053147,81823.459,0.999560441659991
    U.S.,,—,,—,,—,,—,,—,,17432.909,0.860543874663325,22030.457,0.864938137594002,21286.422,0.864775284151213,19058.61,0.830052044052063,27666.2,0.879047961019687,27999.868,0.885205503323267,42559.023,0.91663000565024,44136.14,0.917100724169824,71858.56,0.936754396964396,76633.566,0.936160387413347
    Europe,,—,,2619.455,0.221019310137903,6823.814,0.287370489194213,5738.245,0.233795044571542,1634.867,0.0852798010122153,1820.529,0.089867105920013,1291.991,0.0507248800752618,1346.589,0.0547060884685034,1008.34,0.0439158300683763,1040.061,0.0330462261310226,1379.579,0.0436148814369128,1604.393,0.0345551815100456,1837.8,0.0381874742757138,1952.16,0.0254485264327314,2366.539,0.0289097869603092
    Other Americas,,—,,—,,—,,—,,—,,—,,919.381,0.0360958326865081,978.476,0.0397512489856276,1767.385,0.0769742143774889,1712.862,0.054423370343889,1332.237,0.0421181815618159,1145.699,0.0246758973025174,1148.371,0.0238618935800826,1831.956,0.0238815367027297,2029.438,0.0247917402709848
    Asia,,—,,1889.879,0.159460556804415,3502.033,0.147480710403929,3476.999,0.141664417636439,1176.774,0.0613842303724699,926.645,0.0457421465767645,1157.401,0.0454407398534418,936.462,0.0380444018326242,1083.764,0.0472007414743279,1012.253,0.0321626727084334,879.072,0.0277915371678677,1081.876,0.0233012868738284,965.854,0.0200693899113588,1031.135,0.0134419649532899,793.916,0.00969852701535062
    Americas,,—,,7299.644,0.615915249978442,13305.147,0.560318115674154,15236.921,0.620802462133991,16272.868,0.848843939560861,—,,—,,—,,—,,—,,—,,—,,—,,—,,—,
  Adjustment,,—,,3050.965,,—,,2766.233,,5401.683,,5516.988,,5924.209,,5634.957,,6520.334,,6944.751,,8400.926,,9635.123,,10360.492,,11187.309,,11161.399,
  Strategic Capital Management,,—,,42.724,0.00360488307924043,114.708,0.00483068472770357,91.747,0.00373807565802876,86.115,0.00449202905445331,77.93,0.00384687283989797,71.328,0.00280040979078668,67.026,0.00272297656203185,42.642,0.00185717002774431,41.537,0.00131976979696795,40.168,0.00126989651013673,38.891,0.00083762866336813,37.563,0.000780518063020262,36.328,0.000473574946852853,35.982,0.000439558340008699
    Europe,,—,,28.424,0.00239830532357293,61.946,0.002608724728374,61.266,0.00249617909321057,60.327,0.00314684592426412,54.577,0.00269409443068281,49.96,0.00196148038845478,47.635,0.00193520407800536,25.28,0.00110100976270757,25.28,0.000803230384171939,25.28,0.000799217879313295,25.28,0.000544476938364823,25.28,0.000525290755082188,25.28,0.000329552264271089,25.28,0.000308822045339889
    U.S.,,—,,—,,—,,—,,—,,20.635,0.001018609278215,19.363,0.000760211064084265,18.09,0.000734918479502823,16.818,0.000732467649889871,15.802,0.00050208253681507,14.529,0.000459328978186031,13.257,0.000285527324837914,11.984,0.000249014414909214,10.817,0.000141011346622641,10.499,0.000128256434099031
    Asia,,—,,—,,9.368,0.000394513499748291,6.108,0.000248860083918163,3.634,0.000189560861451354,2.718,0.000134169131000163,2.005,7.87183382476348e-05,1.301,5.2854004523669e-05,0.544,2.36926151468718e-05,0.455,1.44568759809427e-05,0.359,1.13496526374e-05,0.354,7.62440016539348e-06,0.299,6.21289302885974e-06,0.231,3.01133595912269e-06,0.203,2.47986056977838e-06
    Americas,,—,,14.3,0.0012065777556675,43.394,0.00182744649958127,24.373,0.000993036480900029,22.154,0.00115562226873784,—,,—,,—,,—,,—,,—,,—,,—,,—,,—,
  Reconciliation,,—,,—,,3978.21,,—,,—,,—,,—,,—,,—,,—,,—,,—,,—,,—,,—,
Occupancy Rate,,—,,—,,—,,—,,—,,—,,—,,—,,—,,—,,—,,—,,—,,—,,—,
  >500 KSF,,—,,—,,—,,—,,—,,—,,—,,98.7,,97.9,,99,,98.4,,98.9,,99.3,,99.8,,99.3,
  250-500 KSF,,—,,—,,—,,—,,—,,—,,—,,98.1,,98.3,,98.8,,98.1,,98.2,,99.4,,98.4,,98.5,
  100-250 KSF,,—,,—,,—,,—,,—,,—,,—,,97.5,,97.4,,97,,96.3,,96.7,,98.1,,98.5,,97.5,
  <100 KSF,,—,,—,,—,,—,,—,,—,,—,,95.1,,95.8,,96.2,,94.3,,92.6,,95.2,,96.6,,95.6,
Percentage of Rent,,—,,—,,—,,—,,—,,—,,—,,—,,—,,—,,—,,—,,—,,—,,—,
  Amazon,,—,,—,,—,,0.9,,1,,1,,2.8,,3.1,,3,,3.3,,3.8,,4.4,,4.8,,5.3,,5,
  Home Depot,,—,,—,,—,,0.9,,0.9,,0.9,,1,,0.9,,1,,1,,1.1,,1.2,,1.2,,1.7,,1.5,
  FedEx,,—,,—,,—,,0.8,,0.8,,0.7,,0.9,,1,,0.9,,1.1,,1,,1.3,,1.3,,1.3,,1.4,
  Geodis,,—,,—,,—,,1,,0.9,,1.2,,1.2,,1.2,,1.2,,1.2,,1.2,,1.3,,1.4,,1.3,,1.3,
  DHL,,—,,—,,—,,2,,1.8,,2.1,,1.6,,1.6,,1.5,,1.4,,1.4,,1.3,,1.2,,1.1,,1.2,
  CEVA Logistics,,—,,—,,—,,1.4,,1.3,,1.4,,1.1,,0.9,,0.7,,0.6,,0.6,,0.7,,0.7,,0.9,,0.9,
  Maersk,,—,,—,,—,,—,,—,,—,,—,,—,,—,,—,,—,,0.3,,0.4,,0.6,,0.8,
  GXO,,—,,—,,—,,—,,—,,—,,—,,—,,—,,—,,—,,—,,1.2,,0.7,,0.8,
  UPS,,—,,—,,—,,0.5,,0.5,,0.4,,0.5,,0.6,,0.6,,0.9,,0.8,,0.9,,0.7,,0.8,,0.8,
  DSV Air and Sea,,—,,—,,—,,—,,—,,—,,—,,0.8,,1,,0.9,,0.9,,0.8,,0.8,,—,,0.8,
  Wal-Mart,,—,,—,,—,,0.6,,0.5,,0.8,,0.6,,0.8,,0.8,,0.6,,0.5,,0.6,,0.6,,0.5,,0.6,
  Kuehne + Nagel,,—,,—,,—,,1.3,,1.2,,1.4,,1.1,,1.1,,1.1,,0.9,,1,,0.8,,0.7,,0.6,,0.6,
  Samsung,,—,,—,,—,,—,,—,,—,,—,,—,,—,,—,,—,,—,,—,,—,,0.4,
  Wayfair,,—,,—,,—,,—,,—,,—,,—,,—,,—,,—,,—,,—,,—,,0.3,,0.4,
  NFI Industries,,—,,—,,—,,—,,—,,—,,—,,—,,—,,—,,—,,—,,—,,0.4,,0.4,
"  ZOZO, INC.",,—,,—,,—,,—,,—,,—,,—,,—,,—,,—,,—,,0.6,,0.5,,0.4,,0.4,
  Cainiao (Alibaba),,—,,—,,—,,—,,—,,—,,—,,—,,—,,0.5,,0.4,,0.5,,0.5,,0.5,,0.4,
  PepsiCo,,—,,—,,—,,0.8,,0.7,,0.6,,0.4,,0.4,,0.3,,0.3,,0.3,,0.4,,0.3,,0.3,,0.4,
  DB Schenker,,—,,—,,—,,0.5,,0.4,,0.7,,0.6,,0.5,,0.6,,0.5,,0.5,,0.5,,0.5,,0.4,,0.4,
  U.S. Government,,—,,—,,—,,0.8,,0.8,,0.8,,0.6,,0.5,,0.5,,0.4,,0.5,,0.6,,0.6,,0.5,,0.4,
  Nippon Express,,—,,—,,—,,0.6,,0.4,,0.9,,0.6,,0.7,,0.7,,0.6,,0.6,,—,,—,,0.4,,0.4,
  Tesla,,—,,—,,—,,—,,—,,—,,—,,—,,—,,—,,—,,—,,—,,—,,0.3,
  Logisteed,,—,,—,,—,,—,,—,,—,,—,,—,,—,,—,,—,,—,,—,,—,,0.3,
  Mercado Libre,,—,,—,,—,,—,,—,,—,,—,,—,,—,,—,,—,,—,,0.3,,0.4,,0.3,
  Ryder System,,—,,—,,—,,—,,—,,—,,—,,—,,—,,—,,—,,0.3,,—,,—,,0.3,
  Panalpina,,—,,—,,—,,0.6,,0.5,,0.5,,0.5,,0.4,,0.4,,0.4,,—,,—,,—,,0.7,,—,
  Hitachi,,—,,—,,—,,0.8,,0.8,,0.6,,0.5,,0.5,,0.6,,0.5,,0.6,,0.5,,0.5,,0.4,,—,
  XPO Logistics,,—,,—,,—,,—,,—,,—,,1.1,,1.2,,1.2,,1.3,,1.2,,1.2,,1.2,,0.4,,—,
  Uline,,—,,—,,—,,—,,—,,—,,—,,—,,—,,—,,—,,—,,—,,0.3,,—,
  Yusen Logistics,,—,,—,,—,,—,,—,,—,,—,,—,,—,,0.4,,0.3,,—,,—,,0.3,,—,
  Staples,,—,,—,,—,,—,,—,,—,,—,,—,,—,,—,,—,,0.3,,0.3,,—,,—,
  Panasonic,,—,,—,,—,,—,,—,,—,,—,,—,,—,,—,,—,,0.3,,0.3,,—,,—,
  Sumitomo Corporation,,—,,—,,—,,—,,—,,—,,—,,—,,—,,—,,—,,0.4,,0.3,,—,,—,
  National Distribution Centers,,—,,—,,—,,—,,—,,—,,—,,—,,—,,—,,0.4,,—,,—,,—,,—,
  J Sainsburys,,—,,—,,—,,—,,—,,—,,—,,—,,—,,—,,0.5,,0.5,,0.5,,—,,—,
  Performance Team,,—,,—,,—,,—,,—,,—,,—,,—,,—,,—,,0.3,,—,,—,,—,,—,
  Jaguar Land Rover,,—,,—,,—,,—,,—,,—,,—,,—,,—,,—,,0.3,,—,,—,,—,,—,
  Office Depot,,—,,—,,—,,—,,—,,—,,—,,—,,0.3,,0.3,,—,,—,,—,,—,,—,
  Con-Way (Menlo Logistics),,—,,—,,—,,—,,—,,0.4,,—,,—,,—,,—,,—,,—,,—,,—,,—,
  Schneider Electic,,—,,—,,—,,—,,—,,0.4,,—,,—,,—,,—,,—,,—,,—,,—,,—,
  UTi,,—,,—,,—,,—,,—,,0.4,,0.3,,—,,—,,—,,—,,—,,—,,—,,—,
  Rhenus AG & CO KG,,—,,—,,—,,—,,—,,—,,0.3,,—,,—,,—,,—,,—,,—,,—,,—,
  ND Logistics,,—,,—,,—,,0.6,,0.4,,0.5,,—,,—,,—,,—,,—,,—,,—,,—,,—,
  Kimberly-Clark Corporation,,—,,—,,—,,—,,—,,—,,—,,—,,0.3,,0.3,,—,,—,,—,,—,,—,
  Samsung Electronics,,—,,—,,—,,—,,—,,—,,0.3,,0.3,,—,,—,,—,,—,,—,,—,,—,
  La Poste,,—,,—,,—,,0.4,,0.4,,0.4,,0.3,,0.3,,—,,—,,0.3,,—,,—,,—,,—,
  APL Logistics,,—,,—,,—,,—,,—,,—,,—,,0.3,,0.3,,0.3,,—,,—,,—,,—,,—,
  LG,,—,,—,,—,,0.4,,0.4,,0.4,,0.4,,—,,—,,0.3,,—,,—,,—,,—,,—,
  Best Buy,,—,,—,,—,,—,,—,,—,,0.3,,0.3,,—,,—,,—,,—,,—,,—,,—,
  Cal Cartage,,—,,—,,—,,—,,—,,0.4,,—,,—,,—,,—,,—,,—,,—,,—,,—,
  Tesco,,—,,—,,—,,0.7,,0.7,,0.7,,0.6,,0.5,,—,,—,,—,,—,,—,,—,,—,
  Ingram Micro,,—,,—,,—,,—,,0.5,,0.5,,0.5,,0.5,,0.5,,0.5,,0.5,,0.4,,0.3,,—,,—,
  BMW,,—,,—,,—,,—,,0.5,,0.5,,0.4,,0.6,,0.6,,0.6,,0.6,,0.5,,0.4,,—,,—,
Net Operating Income( NOI),,565.392,1.0,612.365,1.0,1013.775,1.0,1378.903,1.0,1182.287,1.0,1210.037,1.0,1477.772,1.0,1821.43,1.0,1881.265,1.0,2033.201,1.0,2389.849,1.0,3238.621,1.0,3488.518,1.0,4424.262,1.0,5959.78,1.0
  Real Estate Operations,,463.845,0.820395407080397,530.498,0.866310125497048,931.118,0.918466129072033,1315.944,0.954341240826947,1092.094,0.923713108576851,1086.662,0.898040307858355,1375.832,0.931017775407844,1646.374,0.903890898909099,1662.517,0.883722920481697,1783.941,0.877405136039182,2091.32,0.87191192994086,2819.675,0.870640621424983,3104.939,0.89004528570585,3688.033,0.833592811637285,5145.09,0.863302001080577
    U.S.,,—,,—,,—,,—,,—,,—,,1256.188,0.850055353599879,1520.571,0.834822639354793,1519.164,0.807522597826463,1621.665,0.797592072795557,1953.727,0.814546735625139,2679.685,0.82741543391462,2966.498,0.850360525587083,3555.627,0.803665560493479,4954.565,0.831333539157486
    Other Americas,,—,,—,,—,,—,,—,,—,,38.28,0.0259038606767485,38.114,0.0209253169213201,58.842,0.0312778901430686,89.044,0.0437949814110853,69.393,0.0289312895943166,64.473,0.0199075470701882,72.424,0.0207606783166949,67.552,0.0152685351816868,84.922,0.0142491836947001
    Europe,,17.009,0.0300835526501967,49.975,0.0816098242061516,223.95,0.220907005992454,325.571,0.236108703802951,116.178,0.0982654803782838,40.627,0.0335750063841023,39.672,0.0268458192468121,54.406,0.0298699373569119,51.277,0.0272566597475635,34.807,0.0171193108797409,27.525,0.0114757071474581,43.531,0.0134412146404287,31.163,0.00893301969489623,24.738,0.00559144101321305,68.2,0.0114433754266097
    Asia,,30.913,0.0546753402948751,60.912,0.0994700872845443,123.087,0.121414515055116,171.98,0.124722333623177,76.863,0.0650121332637507,45.262,0.0374054677666881,41.692,0.0282127418844044,33.283,0.0182730052760743,33.234,0.0176657727646025,38.425,0.0188987709527981,40.675,0.0169581975739459,31.986,0.00987642579974625,34.854,0.0099910621071756,40.116,0.00906727494890673,37.403,0.00627590280178127
    Americas,,415.923,0.735636514135325,419.611,0.685230214006352,584.081,0.576144608024463,818.393,0.593510203400819,899.053,0.760435494934817,1000.773,0.827059833707564,—,,—,,—,,—,,—,,—,,—,,—,,—,
  Strategic Capital Management,,101.547,0.179604592919603,81.867,0.133689874502952,82.657,0.0815338709279672,62.959,0.0456587591730528,90.193,0.0762868914231485,123.375,0.101959692141645,101.94,0.0689822245921563,175.056,0.0961091010909011,218.748,0.116277079518303,249.26,0.122594863960818,307.225,0.12808807005914,418.946,0.129359378575017,383.579,0.10995471429415,736.229,0.166407188362715,814.69,0.136697998919423
    U.S.,,—,,—,,—,,—,,—,,—,,-1.925,-0.00130263667196293,-1.622,-0.000890509105483055,106.471,0.0565954291394354,4.712,0.00231752787845373,-10.945,-0.00456318309641887,237.271,0.0732629721106607,59.991,0.0171967007193312,59.561,0.0134623582418944,629.336,0.105597186473326
    Europe,,34.508,0.06103376064748,41.2,0.0672801352134756,30.708,0.0302907449877931,21.699,0.0157364223589332,41.263,0.0349010011951413,24.067,0.0198894744540869,86.264,0.0583743635689403,144.132,0.0791312320539356,68.127,0.0362133989629319,136.24,0.0670076396775331,246.213,0.102650982157933,99.504,0.0307241878564982,203.779,0.0584142033952526,557.676,0.126049497068664,78.626,0.0131927688605955
    Other Americas,,—,,—,,—,,—,,—,,—,,13.277,0.00898447121748145,12.777,0.0070148180275937,16.811,0.00893600848365329,19.874,0.00977473451960726,27.369,0.0114106677173036,24.923,0.00769555931367085,47.247,0.013543573517465,63.464,0.0143445392700523,62.765,0.0105314290124803
    Asia,,22.755,0.0402464131080737,0.313,0.00051113306606354,9.305,0.00917856526349535,9.623,0.00697873599520778,30.145,0.0254971931519166,57.266,0.0473258255739287,4.324,0.00292602647769751,19.769,0.0108535601148548,27.339,0.0145322429322823,88.434,0.0434949618852243,44.588,0.018589603280322,57.248,0.0176766592941872,72.562,0.0208002366621012,55.528,0.0125507937821042,43.963,0.00737661457302115
    Americas,,44.284,0.078324419164049,40.354,0.0658986062234125,42.644,0.0420645606766787,31.637,0.0229436008189118,18.785,0.0158886970760907,42.042,0.0347443921136296,—,,—,,—,,—,,—,,—,,—,,—,,—,
  Adjustment,,—,,—,,—,,—,,—,,—,,—,,—,,—,,—,,-8.696,,—,,—,,—,,—,
Source: Bloomberg,,,,,,,,,,,,,,,,,,,,,,,,,,,,,,,
