Unnamed: 0,Unnamed: 1,Unnamed: 2,Unnamed: 3,Unnamed: 4,Unnamed: 5,Unnamed: 6,Unnamed: 7,Unnamed: 8,Unnamed: 9,Unnamed: 10,Unnamed: 11,Unnamed: 12,Unnamed: 13,Unnamed: 14,Unnamed: 15,Unnamed: 16,Unnamed: 17,Unnamed: 18,Unnamed: 19,Unnamed: 20,Unnamed: 21,Unnamed: 22,Unnamed: 23,Unnamed: 24,Unnamed: 25,Unnamed: 26,Unnamed: 27,Unnamed: 28,Unnamed: 29,Unnamed: 30,Unnamed: 31,Unnamed: 32,Unnamed: 33,Unnamed: 34,Unnamed: 35,Unnamed: 36,Unnamed: 37,Unnamed: 38,Unnamed: 39,Unnamed: 40,Unnamed: 41,Unnamed: 42,Unnamed: 43,Unnamed: 44,Unnamed: 45,Unnamed: 46,Unnamed: 47,Unnamed: 48,Unnamed: 49,Unnamed: 50,Unnamed: 51,Unnamed: 52,Unnamed: 53,Unnamed: 54,Unnamed: 55,Unnamed: 56,Unnamed: 57,Unnamed: 58,Unnamed: 59,Unnamed: 60,Unnamed: 61,Unnamed: 62,Unnamed: 63,Unnamed: 64,Unnamed: 65,Unnamed: 66,Unnamed: 67,Unnamed: 68,Unnamed: 69,Unnamed: 70,Unnamed: 71,Unnamed: 72,Unnamed: 73,Unnamed: 74,Unnamed: 75,Unnamed: 76,Unnamed: 77,Unnamed: 78,Unnamed: 79,Unnamed: 80,Unnamed: 81
Tesla Inc (TSLA US) - By Measure,,,,,,,,,,,,,,,,,,,,,,,,,,,,,,,,,,,,,,,,,,,,,,,,,,,,,,,,,,,,,,,,,,,,,,,,,,,,,,,,,
,,,,,,,,,,,,,,,,,,,,,,,,,,,,,,,,,,,,,,,,,,,,,,,,,,,,,,,,,,,,,,,,,,,,,,,,,,,,,,,,,
date,,Q4 2014,,Q1 2015,,Q2 2015,,Q3 2015,,Q4 2015,,Q1 2016,,Q2 2016,,Q3 2016,,Q4 2016,,Q1 2017,,Q2 2017,,Q3 2017,,Q4 2017,,Q1 2018,,Q2 2018,,Q3 2018,,Q4 2018,,Q1 2019,,Q2 2019,,Q3 2019,,Q4 2019,,Q1 2020,,Q2 2020,,Q3 2020,,Q4 2020,,Q1 2021,,Q2 2021,,Q3 2021,,Q4 2021,,Q1 2022,,Q2 2022,,Q3 2022,,Q4 2022,,Q1 2023,,Q2 2023,,Q3 2023,,Q4 2023,,Q1 2024,,Q2 2024,,Q3 2024,
date,,12/31/2014,,03/31/2015,,06/30/2015,,09/30/2015,,12/31/2015,,03/31/2016,,06/30/2016,,09/30/2016,,12/31/2016,,03/31/2017,,06/30/2017,,09/30/2017,,12/31/2017,,03/31/2018,,06/30/2018,,09/30/2018,,12/31/2018,,03/31/2019,,06/30/2019,,09/30/2019,,12/31/2019,,03/31/2020,,06/30/2020,,09/30/2020,,12/31/2020,,03/31/2021,,06/30/2021,,09/30/2021,,12/31/2021,,03/31/2022,,06/30/2022,,09/30/2022,,12/31/2022,,03/31/2023,,06/30/2023,,09/30/2023,,12/31/2023,,03/31/2024,,06/30/2024,,09/30/2024,
Revenue,,956.661,1.0,939.88,1.0,954.976,1.0,936.789,1.0,1214.379,1.0,1147.048,1.0,1270.017,1.0,2298.436,1.0,2284.631,1.0,2696.27,1.0,2789.557,1.0,2984.675,1.0,3288.249,1.0,3408.751,1.0,4002.231,1.0,6824.413,1.0,7225.873,1.0,4541,1.0,6350,1.0,6303,1.0,7384,1.0,5985,1.0,6036,1.0,8771,1.0,10744,1.0,10389,1.0,11958,1.0,13757,1.0,17719,1.0,18756,1.0,16934,1.0,21454,1.0,24318,1.0,23329,1.0,24927,1.0,23350,1.0,25167,1.0,21301,1.0,25500,1.0,25182,1.0
"  Automotive, Services & Other",,—,,—,,—,,—,,—,,—,,—,,—,,2153.246,0.94249180721088,2482.326,0.920651863500317,2502.777,0.897195146039317,2667.17,0.893621583589503,2990.212,0.909363007485139,2998.729,0.87971488677231,3627.823,0.906450177413548,6425.096,0.941486982103809,6854.376,0.948587942245871,4217,0.928650077075534,5981,0.941889763779528,5901,0.936220847215612,6948,0.940953412784399,5692,0.951044277360067,5666,0.93870112657389,8192,0.933987002622278,9992,0.930007446016381,9895,0.952449706420252,11157,0.933015554440542,12951,0.941411644980737,17031,0.961171623680795,18140,0.967157176370228,16068,0.948860281091295,20337,0.9479351169945,23008,0.946130438358418,21800,0.934459256719105,23418,0.939463232639307,21791,0.933233404710921,23729,0.942861683951206,19666,0.923243040232853,22486,0.881803921568627,22806,0.905646890636169
    Automotive,,—,,—,,—,,—,,1117.007,0.919817454023826,1026.064,0.89452577398679,1181.852,0.930579669406,2148.727,0.93486483852498,1994.123,0.87284248528537,2289.6,0.849173116935618,2286.616,0.819705781240534,2362.889,0.791673800330019,2702.195,0.821773229460421,2735.317,0.802439661917224,3357.681,0.838952324341099,6098.766,0.893668949988812,6323.219,0.875080284416845,3724,0.820083682008368,5376,0.846614173228346,5353,0.84927812152943,6368,0.862405200433369,5132,0.857477025898078,5179,0.858018555334659,7611,0.867745981073994,9314,0.866902457185406,9002,0.866493406487631,10206,0.853487205218264,12057,0.876426546485426,15967,0.901123088210396,16861,0.898965664320751,14602,0.86228888626432,18692,0.871259438799292,21307,0.87618225182992,19963,0.855716061554289,21268,0.853211377221487,19625,0.840471092077088,21563,0.856796598720547,17378,0.81583024271161,19878,0.779529411764706,20016,0.794853466761973
      Automotive Sales,,—,,—,,—,,—,,1014.337,0.835272184383953,901.892,0.786272239697031,1030.224,0.811189141562672,1917.442,0.834237716429781,1739.449,0.761369779189725,2035.06,0.754768624803896,2013.852,0.721925380983432,2076.731,0.695798034961931,2409.109,0.7326419015105,2561.881,0.751560028878613,3117.865,0.779031745044202,5878.305,0.861364193521113,6073.471,0.840517263450382,3509,0.772737282536886,5168,0.813858267716535,5132,0.814215452958908,6143,0.831933911159263,4893,0.817543859649123,4911,0.813618290258449,7346,0.837532778474518,9034,0.84084139985108,8705,0.837905476946771,9874,0.825723365111223,11672,0.848440793777713,15339,0.865680907500423,15514,0.827148645766688,13670,0.807251683004606,17785,0.828982940244243,20241,0.832346410066617,18878,0.80920742423593,20419,0.819151923616962,18582,0.795802997858672,20630,0.819724242063019,16460,0.772733674475377,18530,0.726666666666667,18831,0.7477960447939
      Automotive Regulatory Credits,,—,,—,,—,,—,,—,,—,,—,,—,,—,,—,,—,,—,,—,,—,,—,,—,,—,,—,,—,,—,,—,,—,,—,,—,,—,,—,,—,,—,,—,,679,0.0362017487737257,344,0.0203141608598087,286,0.0133308473944253,467,0.0192038818981824,521,0.0223327189335162,282,0.0113130340594536,554,0.0237259100642398,433,0.0172050701315214,442,0.0207501995211492,890,0.0349019607843137,739,0.0293463585100469
      Automotive Leasing,,—,,—,,—,,—,,102.67,0.0845452696398736,124.172,0.108253534289759,151.628,0.119390527843328,231.285,0.100627122095199,254.674,0.111472706095645,254.54,0.0944044921317227,272.764,0.0977804002571017,286.158,0.0958757653680887,293.086,0.0891313279499211,173.436,0.0508796330386115,239.816,0.0599205792968972,220.461,0.0323047564676991,249.748,0.0345630209664632,215,0.047346399471482,208,0.032755905511811,221,0.035062668570522,225,0.0304712892741062,239,0.0399331662489557,268,0.0444002650762094,265,0.0302132025994755,280,0.0260610573343261,297,0.0285879295408605,332,0.0277638401070413,385,0.0279857527077124,628,0.0354421807099723,668,0.035615269780337,588,0.0347230423999055,621,0.0289456511606227,599,0.0246319598651205,564,0.0241759183848429,567,0.0227464195450716,489,0.0209421841541756,500,0.0198672865260063,476,0.0223463687150838,458,0.0179607843137255,446,0.0177110634580256
    Service & Other,,—,,—,,—,,—,,85.878,0.070717626045905,98.256,0.085659885200968,84.218,0.0663124981791582,126.375,0.0549830406415493,159.123,0.0696493219255101,192.726,0.0714787465646986,216.161,0.0774893647987835,304.281,0.101947783259484,288.017,0.0875897780247177,263.412,0.0772752248550862,270.142,0.0674978530724488,326.33,0.0478180321149966,531.157,0.0735076578290263,493,0.108566395067166,605,0.0952755905511811,548,0.0869427256861812,580,0.0785482123510293,560,0.0935672514619883,487,0.0806825712392313,581,0.0662410215482841,678,0.0631049888309754,893,0.085956299932621,951,0.079528349222278,894,0.0649850984953115,1064,0.060048535470399,1279,0.0681915120494775,1466,0.0865713948269753,1645,0.0766756781952083,1701,0.0699481865284974,1837,0.0787431951648163,2150,0.08625185541782,2166,0.092762312633833,2166,0.0860650852306592,2288,0.107412797521243,2608,0.102274509803922,2790,0.110793423874196
  Energy Generation & Storage,,—,,—,,—,,—,,11.494,0.00946491993026889,22.728,0.0198143408122415,3.947,0.00310783241484169,23.334,0.0101521208334711,131.385,0.05750819278912,213.944,0.0793481364996829,286.78,0.102804853960683,317.505,0.106378416410497,298.037,0.0906369925148613,410.022,0.12028511322769,374.408,0.0935498225864524,399.317,0.0585130178961912,371.497,0.0514120577541288,324,0.071349922924466,369,0.0581102362204724,402,0.0637791527843884,436,0.0590465872156013,293,0.0489557226399332,370,0.06129887342611,579,0.066012997377722,752,0.0699925539836188,494,0.0475502935797478,801,0.0669844455594581,806,0.0585883550192629,688,0.0388283763192054,616,0.0328428236297718,866,0.0511397189087044,1117,0.0520648830055001,1310,0.0538695616415824,1529,0.065540743280895,1509,0.0605367673606932,1559,0.0667665952890792,1438,0.0571383160487941,1635,0.0767569597671471,3014,0.118196078431373,2376,0.0943531093638313
    Energy Generation & Storage Sales,,—,,—,,—,,—,,—,,—,,—,,—,,—,,—,,—,,—,,—,,297.895,0.0873912468232499,234.602,0.0586178059187488,259.288,0.0379941835290449,264.758,0.0366402786210054,212,0.0466857520369963,226,0.0355905511811024,241,0.0382357607488498,321.135,0.0434906554712893,173,0.02890559732665,225,0.0372763419483101,439,0.0500513054383765,640,0.0595681310498883,383,0.0368659158725575,653,0.0546077939454758,662,0.0481209566039107,581,0.0327896608160731,503,0.0268180848795052,717,0.0423408527223338,966,0.0450265684720798,1190,0.0489349453080023,1413,0.0605683912726649,1359,0.0545191960524732,1416,0.0606423982869379,1327,0.0527277784400207,1522,0.0714520445049528,2866,0.112392156862745,2228,0.0884758954808991
    Energy Generation & Storage Leasing,,—,,—,,—,,—,,—,,—,,—,,—,,—,,—,,—,,—,,—,,112.127,0.0328938664044396,139.806,0.0349320166677036,140.029,0.0205188343671463,106.739,0.0147717791331234,112,0.0246641708874697,143,0.0225196850393701,161,0.0255433920355386,114.996,0.0155736728060672,120,0.0200501253132832,145,0.0240225314777999,140,0.0159616919393456,112,0.0104244229337305,111,0.0106843777071903,148,0.0123766516139823,144,0.0104673984153522,107,0.00603871550313223,113,0.00602473875026658,149,0.00879886618637062,151,0.00703831453342034,120,0.00493461633358006,116,0.0049723520082301,150,0.00601757130822,143,0.00612419700214133,111,0.00441053760877339,113,0.00530491526219426,148,0.00580392156862745,148,0.00587721388293225
  Automobiles,,956.661,1.0,939.88,1.0,954.976,1.0,936.789,1.0,—,,—,,—,,—,,—,,—,,—,,—,,—,,—,,—,,—,,—,,—,,—,,—,,—,,—,,—,,—,,—,,—,,—,,—,,—,,—,,—,,—,,—,,—,,—,,—,,—,,—,,—,,—,
Revenue - Supplementary Breakdown,,956.661,1.0,939.88,1.0,954.976,1.0,936.789,1.0,—,,—,,—,,—,,—,,—,,—,,—,,—,,—,,—,,—,,—,,—,,—,,—,,—,,—,,—,,—,,—,,—,,—,,—,,—,,—,,—,,—,,—,,—,,—,,—,,—,,—,,—,,—,
  Development Services,,0,,46.56,0.049538238924118,76.886,0.0805109238347351,84.234,0.0899177936547077,—,,—,,—,,—,,—,,—,,—,,—,,—,,—,,—,,—,,—,,—,,—,,—,,—,,—,,—,,—,,—,,—,,—,,—,,—,,—,,—,,—,,—,,—,,—,,—,,—,,—,,—,,—,
  Automotive,,956.661,1.0,893.32,0.950461761075882,878.09,0.919489076165265,852.555,0.910082206345292,—,,—,,—,,—,,—,,—,,—,,—,,—,,—,,—,,—,,—,,—,,—,,—,,—,,—,,—,,—,,—,,—,,—,,—,,—,,—,,—,,—,,—,,—,,—,,—,,—,,—,,—,,—,
    Vehicle Options and Related,,914.923,0.95637117014282,—,,—,,—,,—,,—,,—,,—,,—,,—,,—,,—,,—,,—,,—,,—,,—,,—,,—,,—,,—,,—,,—,,—,,—,,—,,—,,—,,—,,—,,—,,—,,—,,—,,—,,—,,—,,—,,—,,—,
    Powertrain Components & Related,,41.738,0.0436288298571803,—,,—,,—,,—,,—,,—,,—,,—,,—,,—,,—,,—,,—,,—,,—,,—,,—,,—,,—,,—,,—,,—,,—,,—,,—,,—,,—,,—,,—,,—,,—,,—,,—,,—,,—,,—,,—,,—,,—,
Cost of Revenue,,694.964,1.0,679.807,1.0,741.606,1.0,705.293,1.0,995.815,1.0,894.58,1.0,995.241,1.0,1661.701,1.0,1849.353,1.0,2028.324,1.0,2122.942,1.0,2535.535,1.0,2849.463,1.0,2952.225,1.0,3383.301,1.0,5300.748,1.0,5782.973,1.0,3975,1.0,5429,1.0,5112,1.0,5993,1.0,4751,1.0,4769,1.0,6708,1.0,8678,1.0,8174,1.0,9074,1.0,10097,1.0,12872,1.0,13296,1.0,12700,1.0,16072,1.0,18541,1.0,18818,1.0,20394,1.0,19172,1.0,20729,1.0,17605,1.0,20922,1.0,20185,1.0
"  Automotive, Services & Other",,—,,—,,—,,—,,—,,—,,—,,—,,1721.574,0.930906106081424,1876.551,0.925173197181515,1919.18,0.904019045268312,2298.247,0.906415016949086,2567.748,0.90113400314375,2576.862,0.872854203185733,3053.028,0.902381431625504,4970.194,0.937640121733763,5454.267,0.943159686202927,3659,0.920503144654088,5103,0.939952109044023,4798,0.938575899843505,5608,0.935758384782246,4469,0.940644074931593,4420,0.92681903963095,6150,0.916815742397138,7891,0.909310901129292,7579,0.927208221189136,8293,0.913929909631915,9294,0.920471427156581,12133,0.942588564325668,12608,0.948255114320096,11931,0.939448818897638,15059,0.936971129915381,17390,0.937921363464754,17457,0.927675629716229,19163,0.939639109542022,17994,0.938556227832255,19605,0.945776448453857,16373,0.930019880715706,18648,0.891310582162317,18534,0.918206589051276
    Automotive,,694.964,1.0,631.745,0.929300522059938,666.386,0.898571478655782,628.729,0.891443697867411,896.441,0.900208372036975,779.316,0.871152943280646,909.282,0.913629965003452,1517.061,0.912956663081987,1544.422,0.835114767164516,1662.675,0.819728504913416,1648.011,0.77628639878056,1930.846,0.761514236640394,2191.172,0.768977172189988,2195.893,0.743809499614697,2666.654,0.788181128430488,4525.202,0.853691214900237,4786.248,0.827644880928893,2973,0.747924528301887,4360,0.803094492540062,4131,0.808098591549296,4934,0.823293842816619,3821,0.804251736476531,3862,0.809813378066681,5506,0.820810971973763,7070,0.814703848813091,6617,0.809517983851236,7307,0.805267798104474,8384,0.830345647221947,11085,0.861171535114978,11322,0.851534296028881,10521,0.828425196850394,13480,0.838725734196118,15785,0.851356453265735,15755,0.837230311403975,17179,0.842355594782779,15957,0.832307531817233,17498,0.84413141010179,14166,0.804657767679636,16207,0.774639135837874,15990,0.792172405251424
      Automotive Sales,,—,,—,,—,,—,,831.349,0.83484281718994,713.149,0.797188624829529,827.231,0.83118661711083,1355.102,0.815490873508531,1372.605,0.742208220929157,1496.649,0.737874718240281,1472.578,0.693649661648787,1755.622,0.692406927926454,1999.631,0.701757138099354,2091.397,0.708413823472127,2529.739,0.747713254008437,4405.919,0.831188164387366,4658.517,0.805557452887987,2856,0.718490566037736,4254,0.783569718180144,4014,0.785211267605634,4815,0.803437343567495,3699,0.778572932014313,3714,0.778779618368631,5361,0.799194991055456,6922,0.797649227932703,6457,0.789943724002936,7119,0.784549261626626,8150,0.807170446667327,10689,0.830407085146053,10914,0.820848375451263,10153,0.799448818897638,13099,0.815019910403186,15433,0.832371500997789,15422,0.819534488255925,16841,0.825782092772384,15656,0.816607552680993,17202,0.82985189830672,13897,0.789378017608634,15962,0.762928974285441,15743,0.77993559573941
      Automotive Leasing,,—,,—,,—,,—,,65.092,0.0653655548470348,66.167,0.0739643184511167,82.051,0.082443347892621,161.959,0.0974657895734552,171.817,0.0929065462353591,166.026,0.0818537866731351,175.433,0.0826367371317728,175.224,0.0691073087139401,191.541,0.0672200340906339,104.496,0.0353956761425704,136.915,0.0404678744220511,119.283,0.022503050512871,127.731,0.0220874280409056,117,0.0294339622641509,106,0.019524774359919,117,0.022887323943662,119,0.019856499249124,122,0.0256788044622185,148,0.0310337596980499,145,0.0216159809183065,148,0.0170546208803872,160,0.0195742598482995,188,0.0207185364778488,234,0.0231752005546202,396,0.0307644499689248,408,0.0306859205776173,368,0.0289763779527559,381,0.0237058237929318,352,0.0189849522679467,333,0.0176958231480497,338,0.0165735020103952,301,0.0156999791362404,296,0.0142795117950697,269,0.0152797500710026,245,0.0117101615524328,247,0.0122368095120139
    Service & Other,,—,,—,,—,,—,,89.24,0.0896150389379553,97.151,0.108599566276912,77.8,0.0781720206462555,120.359,0.0724312015218141,177.152,0.0957913389169077,213.876,0.105444692268099,271.169,0.127732646487751,367.401,0.144900780308692,376.576,0.132156830953762,380.969,0.129044703571035,386.374,0.114200303195016,444.992,0.0839489068335261,668.019,0.115514805274035,686,0.172578616352201,743,0.13685761650396,667,0.13047730829421,674,0.112464541965627,648,0.136392338455062,558,0.117005661564269,644,0.0960047704233751,821,0.0946070523162019,962,0.117690237337901,986,0.108662111527441,910,0.0901257799346341,1048,0.0814170292106899,1286,0.0967208182912154,1410,0.111023622047244,1579,0.0982453957192633,1605,0.0865649101990184,1702,0.0904453183122542,1984,0.0972835147592429,2037,0.106248696015022,2107,0.101645038352067,2207,0.125362113036069,2441,0.116671446324443,2544,0.126034183799851
  Energy Generation & Storage,,—,,—,,—,,—,,10.134,0.0101765890250699,18.113,0.0202474904424423,8.159,0.00819801435029304,24.281,0.0146121353961994,127.779,0.0690938939185758,151.773,0.0748268028184846,203.762,0.0959809547316884,237.288,0.0935849830509143,281.715,0.0988659968562498,375.363,0.127145796814267,330.273,0.0976185683744958,330.554,0.0623598782662371,328.706,0.0568403137970729,316,0.0794968553459119,326,0.0600478909559772,314,0.0614241001564945,385,0.0642416152177541,282,0.0593559250684067,349,0.0731809603690501,558,0.0831842576028623,787,0.0906890988707075,595,0.0727917788108637,781,0.0860700903680846,803,0.0795285728434188,739,0.0574114356743319,688,0.0517448856799037,769,0.0605511811023622,1013,0.0630288700846192,1151,0.0620786365352462,1361,0.0723243702837709,1231,0.0603608904579778,1178,0.0614437721677446,1124,0.0542235515461431,1232,0.0699801192842942,2274,0.108689417837683,1651,0.0817934109487243
  Development Services,,0,,48.062,0.0706994779400624,75.22,0.101428521344218,76.564,0.108556302132589,—,,—,,—,,—,,—,,—,,—,,—,,—,,—,,—,,—,,—,,—,,—,,—,,—,,—,,—,,—,,—,,—,,—,,—,,—,,—,,—,,—,,—,,—,,—,,—,,—,,—,,—,,—,
Cost of Revenue Growth Amount,,—,,—,,—,,—,,—,,—,,—,,—,,—,,1133.744,1.0,1127.701,1.0,873.834,1.0,1000.11,1.0,923.901,1.0,1260.359,1.0,2765.213,1.0,2933.51,1.0,1023.496,1.0,2045.329,1.0,-188,,209.175,1.0,776,1.0,-660,,1596,1.0,2685,1.0,3423,1.0,4305,1.0,3389,1.0,4194,1.0,5122,1.0,3626,1.0,5975,1.0,5669,1.0,5522,1.0,7694,1.0,3100,1.0,2188,1.0,-1213,,528,1.0,1013,1.0
"  Automotive, Services & Other",,—,,—,,—,,—,,—,,—,,—,,—,,—,,—,,—,,—,,846.174,0.846080931097579,700.311,0.757993551257115,1133.848,0.899623043910505,2671.947,0.966271675997473,2886.519,0.983981305671363,1081.972,1.05713358918843,2050.079,1.00232236476381,-172,0.914893617021276,153.949,0.735981833393092,810,1.04381443298969,-683,1.03484848484848,1352,0.847117794486216,2283,0.850279329608939,3110,0.908559742915571,3873,0.899651567944251,3144,0.92770728828563,4242,1.01144492131617,5029,0.98184303006638,3638,1.00330943188086,5765,0.964853556485356,5257,0.927324043041101,4849,0.878123868163709,7232,0.939953210293735,2935,0.946774193548387,2215,1.01234003656307,-1084,0.893652102225886,-515,-0.975378787878788,540,0.533070088845015
    Service & Other,,—,,—,,—,,—,,—,,—,,—,,—,,—,,116.725,0.102955340888243,193.369,0.171471870646563,247.042,0.282710446148811,199.424,0.199402065772765,167.093,0.180855957510599,115.205,0.0914064960856391,77.591,0.0280596829249682,291.443,0.0993495846272895,304.564,0.297572242588149,356.648,0.174371947007059,222,-1.18085106382979,6.788,0.0324512967610852,-38,-0.0489690721649485,-185,0.28030303030303,-23,-0.0144110275689223,147,0.0547486033519553,314,0.0917323984808647,428,0.0994192799070848,266,0.078489229861316,227,0.0541249403910348,324,0.0632565404139008,424,0.116933259790403,669,0.111966527196653,557,0.098253660257541,416,0.0753350235421949,574,0.0746035872108136,458,0.147741935483871,502,0.229433272394881,505,-0.416323165704864,457,0.865530303030303,507,0.500493583415597
    Automotive,,—,,—,,—,,—,,—,,—,,—,,—,,—,,883.359,0.779152083715548,738.729,0.65507523714176,413.785,0.473528152944381,646.75,0.646678865324814,533.218,0.577137593746516,1018.643,0.808216547824866,2594.356,0.938211993072505,2595.076,0.884631721044073,777.408,0.75956134660028,1693.431,0.827950417756752,-392,2.08510638297872,147.161,0.703530536632007,848,1.09278350515464,-498,0.754545454545455,1375,0.861528822055138,2136,0.795530726256983,2796,0.816827344434706,3445,0.800232288037166,2878,0.849218058424314,4015,0.957319980925131,4705,0.918586489652479,3214,0.886376172090458,5096,0.852887029288703,4700,0.82907038278356,4433,0.802788844621514,6658,0.865349623082922,2477,0.799032258064516,1713,0.78290676416819,-1589,1.30997526793075,-972,-1.84090909090909,33,0.0325765054294176
      Automotive Sales,,—,,—,,—,,—,,—,,—,,—,,—,,—,,783.5,0.691073117035239,645.347,0.572267826312116,400.52,0.458347924205284,627.026,0.62695703472618,594.748,0.643735638342203,1057.161,0.838777681597069,2650.297,0.958442261048245,2658.886,0.906383820065382,764.812,0.747254508078195,1724.024,0.842907913592385,-392,2.08510638297872,156.164,0.746571052946098,843,1.08634020618557,-540,0.818181818181818,1347,0.843984962406015,2107,0.784729981378026,2758,0.805725971370143,3405,0.790940766550523,2789,0.822956624372971,3767,0.898187887458274,4457,0.870167903162827,3034,0.836734693877551,4949,0.828284518828452,4744,0.836831892750044,4508,0.8163708801159,6688,0.86924876527164,2557,0.824838709677419,1769,0.808500914076782,-1525,1.25721352019786,-879,-1.66477272727273,87,0.0858835143139191
      Automotive Leasing,,—,,—,,—,,—,,—,,—,,—,,—,,—,,99.859,0.0880789666803088,93.382,0.0828074108296437,13.265,0.0151802287390969,19.724,0.0197218305986342,-61.53,-0.0665980445956872,-38.518,-0.030561133772203,-55.941,-0.02023026797574,-63.81,-0.0217520990213089,12.596,0.0123068385220851,-30.593,-0.0149574958356333,-2,0.0106382978723404,-9.003,-0.0430405163140911,5,0.00644329896907216,42,-0.0636363636363636,28,0.0175438596491228,29,0.0108007448789572,38,0.0111013730645632,40,0.00929152148664344,89,0.0262614340513426,248,0.0591320934668574,248,0.0484185864896525,180,0.0496414782129068,147,0.024602510460251,-44,-0.00776150996648439,-75,-0.0135820354943861,-30,-0.00389914218871848,-80,-0.0258064516129032,-56,-0.0255941499085923,-64,0.0527617477328937,-93,-0.176136363636364,-54,-0.0533070088845015
  Energy Generation & Storage,,—,,—,,—,,—,,—,,—,,—,,—,,—,,133.66,0.117892575396209,195.603,0.173452892211677,213.007,0.243761400906808,153.936,0.153919068902421,223.59,0.242006448742885,126.511,0.100376956089495,93.266,0.0337283240025271,46.991,0.016018694328637,-58.476,-0.0571335891884287,-4.75,-0.00232236476381061,-16,0.0851063829787234,55.226,0.264018166606908,-34,-0.0438144329896907,23,-0.0348484848484849,244,0.152882205513784,402,0.149720670391061,313,0.0914402570844289,432,0.100348432055749,245,0.07229271171437,-48,-0.0114449213161659,93,0.0181569699336197,-12,-0.00330943188086045,210,0.0351464435146444,412,0.0726759569588993,673,0.121876131836291,462,0.0600467897062646,165,0.0532258064516129,-27,-0.0123400365630713,-129,0.106347897774114,1043,1.97537878787879,473,0.466929911154985
Gross Profit,,261.697,1.0,260.073,1.0,213.37,1.0,231.496,1.0,218.6,1.0,252.468,1.0,274.776,1.0,636.735,1.0,435.219,1.0,667.946,1.0,666.615,1.0,449.14,1.0,438.786,1.0,456.526,1.0,618.93,1.0,1523.665,1.0,1442.9,1.0,565,1.0,921,1.0,1191,1.0,1391,1.0,1234,1.0,1267,1.0,2063,1.0,2066,1.0,2215,1.0,2884,1.0,3660,1.0,4847,1.0,5460,1.0,4178,1.0,5382,1.0,5777,1.0,4511,1.0,4533,1.0,4178,1.0,4438,1.0,3696,1.0,4578,1.0,4997,1.0
"  Automotive, Services & Other",,—,,—,,—,,—,,—,,—,,—,,—,,431.672,0.991850080074629,605.775,0.906922116458516,583.597,0.875463348409502,368.923,0.821398673019548,367.456,0.837437839858154,421.867,0.924080994291672,574.795,0.928691451375761,1454.902,0.954870000951653,1400.109,0.970343752165777,557,0.985840707964602,878,0.953311617806732,1103,0.926112510495382,1339.459,0.962946800862689,1223,0.991085899513776,1246,0.983425414364641,2042,0.989820649539506,2101,1.01694094869313,2316,1.04559819413093,2864,0.993065187239945,3657,0.999180327868852,4898,1.01052197235403,5532,1.01318681318681,4081,0.976783149832456,5278,0.980676328502415,5618,0.972477064220184,4343,0.962757703391709,4255,0.938671961173616,3797,0.908808042125419,4124,0.929247408742677,3293,0.890963203463203,3838,0.838357361293141,4272,0.854912947768661
    Automotive,,—,,—,,—,,—,,219.56,1.00439158279963,246.748,0.977343663355356,272.57,0.991971642355955,631.666,0.992039074340189,449.701,1.03327520168007,626.925,0.938586352788998,638.605,0.957981743585128,432.043,0.961933918154696,511.023,1.1646292270036,539.424,1.18158440045036,691.027,1.11648651705362,1573.564,1.03274932481878,1536.971,1.06519578626377,751,1.32920353982301,1016,1.10314875135722,1222,1.02602854743913,1434,1.03091301222142,1311,1.06239870340357,1317,1.03946329913181,2105,1.02035870092099,2244,1.08615682478219,2385,1.07674943566591,2899,1.00520110957004,3673,1.00355191256831,4882,1.00722096141943,5539,1.01446886446886,4081,0.976783149832456,5212,0.968413229282794,5522,0.955859442617275,4208,0.932830857902904,4089,0.902051621442753,3668,0.877932024892293,4065,0.91595313204146,3212,0.869047619047619,3671,0.801878549584972,4026,0.805683410046028
    Service & Other,,—,,—,,—,,—,,—,,1.105,0.0043767923063517,6.418,0.0233572073252395,6.016,0.009448200585801,-18.029,-0.0414251216054446,-21.15,-0.0316642363304818,-55.008,-0.0825183951756261,-63.12,-0.140535245135147,-143.567,-0.327191387145442,-117.557,-0.257503406158685,-116.232,-0.187795065677863,-118.662,-0.077879323867123,-136.862,-0.0948520340979971,-194,-0.343362831858407,-138,-0.149837133550489,-119,-0.0999160369437448,-94.541,-0.0679662113587347,-88,-0.0713128038897893,-71,-0.0560378847671665,-63,-0.0305380513814833,-143,-0.069215876089061,-69,-0.0311512415349887,-35,-0.0121359223300971,-16,-0.00437158469945355,16,0.00330101093459872,-7,-0.00128205128205128,56,0.0134035423647678,66,0.012263099219621,96,0.0166176216029081,135,0.0299268454888051,166,0.0366203397308626,129,0.0308760172331259,59,0.0132942767012168,81,0.0219155844155844,167,0.0364788117081695,246,0.0492295377226336
  Energy Generation & Storage,,—,,—,,—,,—,,-0.96,-0.00439158279963403,4.615,0.0182795443382924,-4.212,-0.0153288496811949,-0.947,-0.00148727492598962,3.547,0.00814991992537091,62.171,0.0930778835414839,83.018,0.124536651590498,80.217,0.178601326980452,71.33,0.162562160141846,34.659,0.0759190057083277,44.135,0.0713085486242386,68.763,0.0451299990483473,42.791,0.0296562478342228,8,0.0141592920353982,43,0.0466883821932682,88,0.073887489504618,51.541,0.0370531991373113,11,0.00891410048622366,21,0.0165745856353591,21,0.0101793504604944,-35,-0.0169409486931268,-101,-0.0455981941309255,20,0.00693481276005548,3,0.000819672131147541,-51,-0.0105219723540334,-72,-0.0131868131868132,97,0.0232168501675443,104,0.0193236714975845,159,0.0275229357798165,168,0.0372422966082908,278,0.0613280388263843,381,0.0911919578745811,314,0.0707525912573231,403,0.109036796536797,740,0.161642638706859,725,0.145087052231339
  Automobiles,,261.697,1.0,260.073,1.0,213.37,1.0,231.496,1.0,—,,—,,—,,—,,—,,—,,—,,—,,—,,—,,—,,—,,—,,—,,—,,—,,—,,—,,—,,—,,—,,—,,—,,—,,—,,—,,—,,—,,—,,—,,—,,—,,—,,—,,—,,—,
Gross Margin,,—,,—,,—,,—,,—,,—,,—,,—,,—,,—,,—,,—,,—,,—,,—,,—,,—,,—,,—,,—,,—,,—,,—,,—,,—,,—,,—,,—,,—,,—,,—,,—,,—,,—,,—,,—,,—,,—,,—,,—,
  Energy Generation & Storage,,—,,—,,—,,—,,11.8,,20.3,,-106.7,,-4.1,,2.7,,29,,29,,25,,5.48,,8,,12,,17,,11.52,,2,,12,,22,,12,,4,,6,,4,,-10,,-20,,2,,0,,-4.5,,-11.7,,11.2,,9.3,,7.4,,11,,18.4,,24.4,,—,,24.6,,24.6,,30.5,
"  Automotive, Services & Other",,—,,—,,—,,—,,—,,—,,—,,—,,—,,—,,—,,—,,—,,—,,—,,—,,—,,13,,15,,23,,21,,21,,22,,25,,24.1,,23,,26,,28,,26.9,,21.1,,25.7,,26,,26.5,,19.9,,18.2,,17.4,,17.2,,16.7,,17.1,,18.7,
    Automotive,,—,,—,,—,,—,,19.7,,22,,23.1,,29.4,,22.6,,27,,28,,18,,18.91,,20,,21,,26,,24.31,,20,,19,,23,,21,,26,,25,,28,,24.1,,26.5,,28,,30,,30.6,,32.9,,27.9,,27.9,,25.9,,21.1,,19.2,,18.7,,18.8,,18.5,,18.5,,20.1,
      Automotive Regulatory Credits,,—,,—,,—,,—,,—,,—,,—,,—,,—,,—,,—,,—,,—,,—,,—,,—,,—,,15.3,,17.2,,20.8,,20.9,,20,,18.7,,23.7,,20.7,,22,,25.8,,28.8,,29.2,,30,,26.2,,26.8,,8.2,,19,,18.1,,16.3,,—,,—,,—,,—,
    Service & Other,,—,,—,,—,,—,,—,,0.011246,,0.0762,,0.0476,,-0.1133,,24,,23,,14,,15,,14,,16,,23,,23,,13,,15,,19,,21,,21,,22,,25,,20,,23,,26,,28,,30.6,,30.5,,25.7,,26,,—,,—,,—,,—,,—,,—,,—,,—,
Operating Income,,-74.838,,-102.446,,-170.188,,-183.662,,—,,—,,—,,—,,—,,—,,—,,—,,—,,—,,—,,—,,—,,—,,—,,—,,—,,—,,—,,—,,—,,—,,—,,—,,—,,—,,—,,—,,—,,—,,—,,—,,—,,—,,—,,—,
  Automobiles,,-74.838,1.0,-102.446,1.0,-170.188,1.0,-183.662,1.0,—,,—,,—,,—,,—,,—,,—,,—,,—,,—,,—,,—,,—,,—,,—,,—,,—,,—,,—,,—,,—,,—,,—,,—,,—,,—,,—,,—,,—,,—,,—,,—,,—,,—,,—,,—,
Interest Expense,,28.703,1.0,26.574,1.0,24.352,1.0,29.308,1.0,—,,—,,—,,—,,—,,—,,—,,—,,—,,—,,—,,—,,—,,—,,—,,—,,—,,—,,—,,—,,—,,—,,—,,—,,—,,—,,—,,—,,—,,—,,—,,—,,—,,—,,—,,—,
  Automobiles,,28.703,1.0,26.574,1.0,24.352,1.0,29.308,1.0,—,,—,,—,,—,,—,,—,,—,,—,,—,,—,,—,,—,,—,,—,,—,,—,,—,,—,,—,,—,,—,,—,,—,,—,,—,,—,,—,,—,,—,,—,,—,,—,,—,,—,,—,,—,
Interest Income,,0.219,1.0,0.184,1.0,0.247,1.0,0.327,1.0,—,,—,,—,,—,,—,,—,,—,,—,,—,,—,,—,,—,,—,,—,,—,,—,,—,,—,,—,,—,,—,,—,,—,,—,,—,,—,,—,,—,,—,,—,,—,,—,,—,,—,,—,,—,
  Automobiles,,0.219,1.0,0.184,1.0,0.247,1.0,0.327,1.0,—,,—,,—,,—,,—,,—,,—,,—,,—,,—,,—,,—,,—,,—,,—,,—,,—,,—,,—,,—,,—,,—,,—,,—,,—,,—,,—,,—,,—,,—,,—,,—,,—,,—,,—,,—,
Pretax Income,,-103.91,,-151.141,,-181.06,,-228.074,,—,,—,,—,,—,,—,,—,,—,,—,,—,,—,,—,,—,,—,,—,,—,,—,,—,,—,,—,,—,,—,,—,,—,,—,,—,,—,,—,,—,,—,,—,,—,,—,,—,,—,,—,,—,
  Automobiles,,-103.91,1.0,-151.141,1.0,-181.06,1.0,-228.074,1.0,—,,—,,—,,—,,—,,—,,—,,—,,—,,—,,—,,—,,—,,—,,—,,—,,—,,—,,—,,—,,—,,—,,—,,—,,—,,—,,—,,—,,—,,—,,—,,—,,—,,—,,—,,—,
Income Taxes,,3.719,1.0,3.04,1.0,3.167,1.0,1.784,1.0,—,,—,,—,,—,,—,,—,,—,,—,,—,,—,,—,,—,,—,,—,,—,,—,,—,,—,,—,,—,,—,,—,,—,,—,,—,,—,,—,,—,,—,,—,,—,,—,,—,,—,,—,,—,
  Automobiles,,3.719,1.0,3.04,1.0,3.167,1.0,1.784,1.0,—,,—,,—,,—,,—,,—,,—,,—,,—,,—,,—,,—,,—,,—,,—,,—,,—,,—,,—,,—,,—,,—,,—,,—,,—,,—,,—,,—,,—,,—,,—,,—,,—,,—,,—,,—,
Net Income,,-107.629,,-154.181,,-184.227,,-229.858,,—,,—,,—,,—,,—,,—,,—,,—,,—,,—,,—,,—,,—,,—,,—,,—,,—,,—,,—,,—,,—,,—,,—,,—,,—,,—,,—,,—,,—,,—,,—,,—,,—,,—,,—,,—,
  Automobiles,,-107.629,1.0,-154.181,1.0,-184.227,1.0,-229.858,1.0,—,,—,,—,,—,,—,,—,,—,,—,,—,,—,,—,,—,,—,,—,,—,,—,,—,,—,,—,,—,,—,,—,,—,,—,,—,,—,,—,,—,,—,,—,,—,,—,,—,,—,,—,,—,
Revenue Growth %,,—,,—,,—,,—,,—,,—,,—,,—,,—,,—,,—,,—,,—,,—,,—,,—,,—,,—,,—,,—,,—,,—,,—,,—,,—,,—,,—,,—,,—,,—,,—,,—,,—,,—,,—,,—,,—,,—,,—,,—,
  Energy Generation & Storage,,—,,—,,—,,—,,—,,—,,—,,—,,—,,841,,7166,,1261,,126.84,,92,,31,,26,,24.65,,-21,,-2,,1,,17,,-10,,0,,44,,72,,69,,116,,39,,-8.5,,83,,8,,39,,—,,148,,74,,40,,—,,7,,100,,52,
"  Automotive, Services & Other",,—,,—,,—,,—,,—,,—,,—,,—,,—,,—,,—,,—,,—,,21,,45,,141,,134.01,,41,,—,,—,,—,,35,,—,,—,,—,,75,,97,,58,,71.4,,83,,44,,39,,—,,20,,46,,7,,—,,-10,,-4,,5,
    Service & Other,,—,,—,,—,,—,,—,,—,,—,,—,,—,,96,,157,,141,,81,,37,,25,,7,,84.42,,87,,124,,68,,9,,14,,-20,,6,,16,,59,,95,,54,,57,,43,,54,,84,,—,,44,,47,,32,,—,,25,,21,,29,
    Automotive,,—,,—,,—,,—,,—,,—,,—,,—,,—,,121,,93,,10,,35.51,,19,,47,,158,,134.01,,36,,60,,-12,,1,,38,,-4,,42,,46,,75,,97,,58,,71.4,,87,,43,,55,,—,,18,,46,,5,,—,,-13,,-7,,2,
      Automotive Regulatory Credits,,—,,—,,—,,—,,—,,—,,—,,—,,—,,—,,—,,—,,—,,—,,—,,—,,—,,—,,—,,—,,—,,—,,—,,—,,—,,—,,—,,—,,—,,31,,-3,,3,,—,,-23,,-18,,94,,—,,-15,,216,,33,
      Automotive Sales,,—,,—,,—,,—,,—,,—,,—,,—,,—,,126,,95,,8,,38.5,,26,,55,,183,,152.11,,37,,66,,-13,,1,,39,,-5,,43,,47,,78,,101,,59,,69,,89,,44,,56,,—,,22,,49,,4,,—,,-13,,-9,,1,
      Automotive Leasing,,—,,—,,—,,—,,—,,—,,—,,—,,—,,105,,80,,24,,15.08,,-32,,-12,,-23,,-14.79,,24,,-13,,0,,-10,,11,,29,,20,,24,,24,,24,,45,,56,,125,,77,,61,,—,,-16,,-4,,-21,,—,,-16,,-19,,-9,
Cost of Revenue Growth %,,—,,—,,—,,—,,—,,—,,—,,—,,—,,—,,—,,—,,—,,—,,—,,—,,—,,—,,—,,—,,—,,—,,—,,—,,—,,—,,—,,—,,—,,—,,—,,—,,—,,—,,—,,—,,—,,—,,—,,—,
  Energy Generation & Storage,,—,,—,,—,,—,,—,,—,,—,,—,,—,,738,,2397,,877,,120.47,,147,,62,,39,,16.68,,-16,,-1,,-5,,17,,22,,7,,78,,104,,111,,124,,44,,—,,16,,-2,,26,,—,,98,,60,,16,,—,,-9,,85,,40,
"  Automotive, Services & Other",,—,,—,,—,,—,,—,,—,,—,,—,,—,,—,,—,,—,,—,,—,,59,,116,,118.43,,42,,—,,—,,—,,22,,—,,—,,—,,73,,88,,51,,—,,—,,—,,—,,—,,39,,61,,19,,—,,-6,,-3,,3,
    Service & Other,,—,,—,,—,,—,,—,,—,,—,,—,,—,,120,,249,,205,,112.57,,78,,42,,21,,77.39,,80,,92,,50,,1,,-6,,-25,,-3,,21,,48,,77,,41,,—,,34,,43,,74,,—,,32,,41,,29,,—,,30,,23,,25,
    Automotive,,—,,—,,—,,—,,—,,—,,—,,—,,—,,114,,81,,27,,41.88,,32,,62,,134,,118.43,,35,,64,,-9,,3,,29,,-11,,33,,43,,73,,89,,52,,—,,71,,44,,61,,—,,39,,63,,18,,—,,-10,,-6,,0,
      Automotive Sales,,—,,—,,—,,—,,—,,—,,—,,—,,—,,110,,78,,30,,45.68,,40,,72,,151,,132.97,,37,,68,,-9,,3,,30,,-13,,34,,43,,75,,92,,52,,—,,69,,43,,61,,—,,41,,66,,20,,—,,-10,,-5,,1,
      Automotive Leasing,,—,,—,,—,,—,,—,,—,,—,,—,,—,,151,,114,,8,,11.48,,-37,,-22,,-32,,-33.31,,12,,-22,,-2,,-6,,4,,40,,24,,24,,31,,27,,61,,—,,155,,96,,63,,—,,-18,,-8,,-21,,—,,-19,,-28,,-18,
Property/Plant/Equipment,,1829.267,1.0,2224.191,1.0,2646.017,1.0,3103.811,1.0,—,,—,,—,,—,,—,,—,,—,,—,,—,,—,,—,,—,,—,,—,,—,,—,,—,,—,,—,,—,,—,,—,,—,,—,,—,,—,,—,,—,,—,,—,,—,,—,,—,,—,,—,,—,
  Automobiles,,1829.267,1.0,2224.191,1.0,2646.017,1.0,3103.811,1.0,—,,—,,—,,—,,—,,—,,—,,—,,—,,—,,—,,—,,—,,—,,—,,—,,—,,—,,—,,—,,—,,—,,—,,—,,—,,—,,—,,—,,—,,—,,—,,—,,—,,—,,—,,—,
Goodwill,,0,,—,,—,,—,,—,,—,,—,,—,,—,,—,,—,,—,,—,,—,,—,,—,,—,,—,,—,,—,,—,,—,,—,,—,,—,,—,,—,,—,,—,,—,,—,,—,,—,,—,,—,,—,,—,,—,,—,,—,
  Automobiles,,0,,—,,—,,—,,—,,—,,—,,—,,—,,—,,—,,—,,—,,—,,—,,—,,—,,—,,—,,—,,—,,—,,—,,—,,—,,—,,—,,—,,—,,—,,—,,—,,—,,—,,—,,—,,—,,—,,—,,—,
Assets,,5830.667,1.0,6120.03,1.0,6468.185,1.0,7547.497,1.0,—,,—,,—,,—,,—,,—,,—,,—,,—,,—,,—,,—,,—,,—,,—,,—,,—,,—,,—,,—,,—,,—,,—,,—,,—,,—,,—,,—,,—,,—,,—,,—,,—,,—,,—,,—,
  Automobiles,,5830.667,1.0,6120.03,1.0,6468.185,1.0,7547.497,1.0,—,,—,,—,,—,,—,,—,,—,,—,,—,,—,,—,,—,,—,,—,,—,,—,,—,,—,,—,,—,,—,,—,,—,,—,,—,,—,,—,,—,,—,,—,,—,,—,,—,,—,,—,,—,
Liabilities,,4860.761,1.0,5239.756,1.0,5701.978,1.0,6186.66,1.0,—,,—,,—,,—,,—,,—,,—,,—,,—,,—,,—,,—,,—,,—,,—,,—,,—,,—,,—,,—,,—,,—,,—,,—,,—,,—,,—,,—,,—,,—,,—,,—,,—,,—,,—,,—,
  Automobiles,,4860.761,1.0,5239.756,1.0,5701.978,1.0,6186.66,1.0,—,,—,,—,,—,,—,,—,,—,,—,,—,,—,,—,,—,,—,,—,,—,,—,,—,,—,,—,,—,,—,,—,,—,,—,,—,,—,,—,,—,,—,,—,,—,,—,,—,,—,,—,,—,
Depreciation and Amortization,,67.976,1.0,77.112,1.0,91.389,1.0,110.366,1.0,—,,—,,—,,—,,—,,—,,—,,—,,—,,—,,—,,—,,—,,—,,—,,—,,—,,—,,—,,—,,—,,—,,—,,—,,—,,—,,—,,—,,—,,—,,—,,—,,—,,—,,—,,—,
  Automobiles,,67.976,1.0,77.112,1.0,91.389,1.0,110.366,1.0,—,,—,,—,,—,,—,,—,,—,,—,,—,,—,,—,,—,,—,,—,,—,,—,,—,,—,,—,,—,,—,,—,,—,,—,,—,,—,,—,,—,,—,,—,,—,,—,,—,,—,,—,,—,
Depreciation,,50.8,1.0,—,,—,,71.8,1.0,—,,—,,—,,—,,—,,—,,—,,—,,—,,—,,—,,—,,—,,—,,—,,—,,—,,—,,—,,—,,—,,—,,—,,—,,—,,—,,—,,—,,—,,—,,—,,—,,—,,—,,—,,—,
  Automobiles,,50.8,1.0,—,,—,,71.8,1.0,—,,—,,—,,—,,—,,—,,—,,—,,—,,—,,—,,—,,—,,—,,—,,—,,—,,—,,—,,—,,—,,—,,—,,—,,—,,—,,—,,—,,—,,—,,—,,—,,—,,—,,—,,—,
R&D Expenses,,139.565,1.0,167.154,1.0,181.712,1.0,178.791,1.0,—,,—,,—,,—,,—,,—,,—,,—,,—,,—,,—,,—,,—,,—,,—,,—,,—,,—,,—,,—,,—,,—,,—,,—,,—,,—,,—,,—,,—,,—,,—,,—,,—,,—,,—,,—,
  Automobiles,,139.565,1.0,167.154,1.0,181.712,1.0,178.791,1.0,—,,—,,—,,—,,—,,—,,—,,—,,—,,—,,—,,—,,—,,—,,—,,—,,—,,—,,—,,—,,—,,—,,—,,—,,—,,—,,—,,—,,—,,—,,—,,—,,—,,—,,—,,—,
Capital Expenditures,,-368.661,,-426.06,,-405.165,,-392.403,,—,,—,,—,,—,,—,,—,,—,,—,,—,,—,,—,,—,,—,,—,,—,,—,,—,,—,,—,,—,,—,,—,,—,,—,,—,,—,,—,,—,,—,,—,,—,,—,,—,,—,,—,,—,
  Automobiles,,-368.661,1.0,-426.06,1.0,-405.165,1.0,-392.403,1.0,—,,—,,—,,—,,—,,—,,—,,—,,—,,—,,—,,—,,—,,—,,—,,—,,—,,—,,—,,—,,—,,—,,—,,—,,—,,—,,—,,—,,—,,—,,—,,—,,—,,—,,—,,—,
Vehicles Sold - Worldwide,,9834,1.0,10045,1.0,11532,1.0,11603,1.0,17478,1.0,14820,1.0,14402,1.0,24821,1.0,22200,1.0,25000,1.0,22000,1.0,26137,1.0,29967,1.0,29997,1.0,40768,1.0,83775,1.0,90966,1.0,63019,1.0,95356,1.0,97186,1.0,—,,88496,1.0,90650,1.0,139593,1.0,—,,184877,1.0,201304,1.0,241391,1.0,308650,1.0,310048,1.0,254695,1.0,343830,1.0,405278,1.0,422875,1.0,466140,1.0,435059,1.0,484507,1.0,386810,1.0,443956,1.0,—,
  Model 3 / Y,,—,,—,,—,,—,,—,,—,,—,,—,,—,,—,,—,,—,,—,,—,,—,,—,,—,,50928,0.80813722845491,77634,0.814149083434708,79703,0.820107834461754,—,,76266,0.861801663352016,80050,0.883066740209597,124318,0.890574742286504,—,,182847,0.989019726629056,199409,0.990586376823113,232102,0.961518863586463,296884,0.96187915114207,295324,0.952510579007121,238533,0.936543709142307,325158,0.945694093011081,388131,0.957690770286075,412180,0.974708838309193,446915,0.958757025786244,419074,0.963257856980318,461538,0.952593048191254,369783,0.955980972570513,422405,0.951456901134347,—,
  Other Models,,—,,—,,—,,—,,—,,—,,—,,—,,—,,—,,—,,—,,—,,—,,—,,—,,—,,—,,—,,—,,—,,—,,—,,—,,—,,—,,—,,—,,—,,—,,—,,—,,—,,—,,—,,—,,—,,17027,0.0440190274294873,21551,0.0485430988656534,—,
  Automobiles,,9834,1.0,10045,1.0,11532,1.0,11603,1.0,—,,—,,—,,—,,—,,—,,—,,—,,—,,—,,—,,—,,—,,—,,—,,—,,—,,—,,—,,—,,—,,—,,—,,—,,—,,—,,—,,—,,—,,—,,—,,—,,—,,—,,—,,—,
  Model S / X,,—,,—,,—,,—,,17478,1.0,14820,1.0,14402,1.0,24821,1.0,22200,1.0,25000,1.0,22000,1.0,25915,0.991506293759804,28425,0.948543397737511,21815,0.727239390605727,22319,0.547463697017268,27710,0.330766935243211,27607,0.303487017127278,12091,0.19186277154509,17722,0.185850916565292,17483,0.179892165538246,—,,12230,0.138198336647984,10600,0.116933259790403,15275,0.109425257713496,—,,2030,0.0109802733709439,1895,0.0094136231768867,9289,0.0384811364135365,11766,0.0381208488579297,14724,0.0474894209928785,16162,0.0634562908576925,18672,0.0543059069889189,17147,0.0423092297139248,10695,0.025291161690807,19225,0.0412429742137555,15985,0.0367421430196824,22969,0.0474069518087458,—,,—,,—,
    Model X,,—,,—,,—,,—,,206,0.0117862455658542,2400,0.161943319838057,4638,0.322038605749202,8774,0.35349099552798,—,,11550,0.462,10000,0.454545454545455,11865,0.453954164594253,—,,—,,—,,—,,—,,—,,—,,—,,—,,—,,—,,—,,—,,—,,—,,—,,—,,—,,—,,—,,—,,—,,—,,—,,—,,—,,—,,—,
    Model S,,—,,—,,—,,—,,17272,0.988213754434146,12420,0.838056680161943,9764,0.677961394250798,16047,0.64650900447202,—,,13450,0.538,12000,0.545454545454545,14065,0.538126028235834,—,,—,,—,,—,,—,,—,,—,,—,,—,,—,,—,,—,,—,,—,,—,,—,,—,,—,,—,,—,,—,,—,,—,,—,,—,,—,,—,,—,
  Model 3,,—,,—,,—,,—,,—,,—,,—,,—,,—,,—,,—,,222,0.00849370624019589,1542,0.0514566022624887,8182,0.272760609394273,18449,0.452536302982732,56065,0.669233064756789,63359,0.696512982872722,—,,—,,—,,—,,—,,—,,—,,—,,—,,—,,—,,—,,—,,—,,—,,—,,—,,—,,—,,—,,—,,—,,—,
Vehicles Produced - Worldwide,,—,,11160,1.0,12807,1.0,13091,1.0,14037,1.0,15510,1.0,18345,1.0,25185,1.0,24882,1.0,25418,1.0,25708,1.0,25336,1.0,24565,1.0,34494,1.0,53339,1.0,80142,1.0,86555,1.0,77138,1.0,87048,1.0,96155,1.0,—,,102672,1.0,82272,1.0,145036,1.0,—,,180338,1.0,206421,1.0,237823,1.0,305840,1.0,305407,1.0,258580,1.0,365923,1.0,439701,1.0,440808,1.0,479700,1.0,430488,1.0,494989,1.0,433371,1.0,410831,1.0,—,
  Model 3 / Y,,—,,—,,—,,—,,—,,—,,—,,—,,—,,—,,—,,—,,—,,—,,—,,—,,—,,62975,0.816393995177474,72531,0.83322994210091,79837,0.830294836461962,—,,87282,0.850105189340813,75946,0.923108712563205,128044,0.882842880388317,—,,180338,1.0,204081,0.988663944075457,228882,0.962404813663943,292731,0.957137719068794,291189,0.953445729796632,242169,0.936534148039291,345988,0.945521325524769,419088,0.953120415919,421371,0.955905972668373,460211,0.959372524494476,416800,0.968203527159874,476777,0.963207263191707,412376,0.951554211057039,386576,0.940961125134179,—,
  Other Models,,—,,—,,—,,—,,—,,—,,—,,—,,—,,—,,—,,—,,—,,—,,—,,—,,—,,—,,—,,—,,—,,—,,—,,—,,—,,—,,—,,—,,—,,—,,—,,—,,—,,—,,—,,—,,—,,20995,0.0484457889429611,24255,0.0590388748658207,—,
  Automobiles,,—,,11160,1.0,12807,1.0,13091,1.0,—,,—,,—,,—,,—,,—,,—,,—,,—,,—,,—,,—,,—,,—,,—,,—,,—,,—,,—,,—,,—,,—,,—,,—,,—,,—,,—,,—,,—,,—,,—,,—,,—,,—,,—,,—,
  Model S / X,,—,,—,,—,,—,,14037,1.0,15510,1.0,18345,1.0,25185,1.0,24882,1.0,25418,1.0,25708,1.0,25076,0.989737922323966,22140,0.901282312232852,24728,0.716878297674958,24761,0.464219426685915,26903,0.335691647325996,25161,0.290693778522327,14163,0.183606004822526,14517,0.16677005789909,16318,0.169705163538038,—,,15390,0.149894810659187,6326,0.076891287436795,16992,0.117157119611683,—,,0,,2340,0.0113360559245426,8941,0.0375951863360567,13109,0.0428622809312059,14218,0.046554270203368,16411,0.0634658519607085,19935,0.0544786744752311,20613,0.0468795840810005,19437,0.0440940273316274,19489,0.0406274755055243,13688,0.0317964728401256,18212,0.0367927368082927,—,,—,,—,
  Model 3,,—,,—,,—,,—,,—,,—,,—,,—,,—,,—,,—,,260,0.0102620776760341,2425,0.0987176877671484,9766,0.283121702325042,28578,0.535780573314085,53239,0.664308352674004,61394,0.709306221477673,—,,—,,—,,—,,—,,—,,—,,—,,—,,—,,—,,—,,—,,—,,—,,—,,—,,—,,—,,—,,—,,—,,—,
Source: Bloomberg,,,,,,,,,,,,,,,,,,,,,,,,,,,,,,,,,,,,,,,,,,,,,,,,,,,,,,,,,,,,,,,,,,,,,,,,,,,,,,,,,
