Unnamed: 0,Unnamed: 1,Unnamed: 2,Unnamed: 3,Unnamed: 4,Unnamed: 5,Unnamed: 6,Unnamed: 7,Unnamed: 8,Unnamed: 9,Unnamed: 10,Unnamed: 11,Unnamed: 12,Unnamed: 13,Unnamed: 14,Unnamed: 15,Unnamed: 16,Unnamed: 17,Unnamed: 18,Unnamed: 19,Unnamed: 20,Unnamed: 21,Unnamed: 22,Unnamed: 23,Unnamed: 24,Unnamed: 25,Unnamed: 26,Unnamed: 27,Unnamed: 28,Unnamed: 29,Unnamed: 30,Unnamed: 31,Unnamed: 32,Unnamed: 33,Unnamed: 34,Unnamed: 35,Unnamed: 36,Unnamed: 37,Unnamed: 38,Unnamed: 39,Unnamed: 40,Unnamed: 41,Unnamed: 42,Unnamed: 43,Unnamed: 44,Unnamed: 45,Unnamed: 46,Unnamed: 47,Unnamed: 48,Unnamed: 49,Unnamed: 50,Unnamed: 51,Unnamed: 52,Unnamed: 53,Unnamed: 54,Unnamed: 55,Unnamed: 56,Unnamed: 57,Unnamed: 58,Unnamed: 59,Unnamed: 60,Unnamed: 61,Unnamed: 62,Unnamed: 63,Unnamed: 64,Unnamed: 65,Unnamed: 66,Unnamed: 67,Unnamed: 68,Unnamed: 69
DuPont de Nemours Inc (DD US) - By Measure,,,,,,,,,,,,,,,,,,,,,,,,,,,,,,,,,,,,,,,,,,,,,,,,,,,,,,,,,,,,,,,,,,,,,
,,,,,,,,,,,,,,,,,,,,,,,,,,,,,,,,,,,,,,,,,,,,,,,,,,,,,,,,,,,,,,,,,,,,,
date,,Q1 2016,,Q2 2016,,Q3 2016,,Q4 2016,,Q1 2017,,Q2 2017,,Q3 2017,,Q4 2017,,Q1 2018,,Q2 2018,,Q3 2018,,Q4 2018,,Q1 2019,,Q2 2019,,Q3 2019,,Q4 2019,,Q1 2020,,Q2 2020,,Q3 2020,,Q4 2020,,Q1 2021,,Q2 2021,,Q3 2021,,Q4 2021,,Q1 2022,,Q2 2022,,Q3 2022,,Q4 2022,,Q1 2023,,Q2 2023,,Q3 2023,,Q4 2023,,Q1 2024,,Q2 2024,
date,,03/31/2016,,06/30/2016,,09/30/2016,,12/31/2016,,03/31/2017,,06/30/2017,,09/30/2017,,12/31/2017,,03/31/2018,,06/30/2018,,09/30/2018,,12/31/2018,,03/31/2019,,06/30/2019,,09/30/2019,,12/31/2019,,03/31/2020,,06/30/2020,,09/30/2020,,12/31/2020,,03/31/2021,,06/30/2021,,09/30/2021,,12/31/2021,,03/31/2022,,06/30/2022,,09/30/2022,,12/31/2022,,03/31/2023,,06/30/2023,,09/30/2023,,12/31/2023,,03/31/2024,,06/30/2024,
Revenue,,17660,1.0,18509,1.0,16991,1.0,17734,1.0,13230,1.0,20717,1.0,18285,1.0,20066,1.0,21510,1.0,5857,1.0,5683,1.0,5457,1.0,3879,1.0,3910,1.0,3901,1.0,3746,1.0,3670,1.0,3289,1.0,3629,1.0,3750,1.0,3017,1.0,3104,1.0,3199,1.0,3246,1.0,3274,1.0,3322,1.0,3317,1.0,3104,1.0,3018,1.0,3094,1.0,3058,1.0,2898,1.0,2931,1.0,3171,1.0
  Electronics & Industrial,,—,,—,,—,,—,,—,,—,,—,,—,,—,,—,,—,,—,,1054,0.294249022892239,1089,0.300165380374862,1158,0.31953642384106,1145,0.326862689123608,1115,0.320218265364733,1111,0.353259141494436,1213,0.350780798149219,1235,0.344298856983552,1300,0.494672754946728,1320,0.483162518301611,1467,0.512220670391061,1467,0.509021512838307,1536,0.518043844856661,1527,0.504960317460317,1511,0.496223316912972,1343,0.472887323943662,1296,0.472131147540984,1312,0.467569493941554,1368,0.491909385113269,1361,0.515921152388173,1365,0.513930722891566,1508,0.520179372197309
    Semiconductor Technologies,,—,,—,,—,,—,,—,,—,,—,,—,,—,,—,,—,,—,,404,0.112786152987158,395,0.108875413450937,406,0.112030905077263,408,0.11647159577505,437,0.125502584721424,458,0.145627980922099,445,0.128687102371313,437,0.121828826317257,512,0.19482496194825,501,0.183382137628111,504,0.175977653631285,530,0.183900069396253,576,0.194266441821248,559,0.184854497354497,569,0.186863711001642,517,0.182042253521127,474,0.172677595628415,459,0.163578047042053,457,0.164329377921611,467,0.177028051554208,521,0.196159638554217,552,0.190410486374612
    Industrial Solutions,,—,,—,,—,,—,,—,,—,,—,,—,,—,,—,,—,,—,,412,0.115019542155221,412,0.113561190738699,413,0.113962472406181,409,0.116757065372538,412,0.118322802986789,379,0.120508744038156,398,0.115095430884905,428,0.11931976582102,458,0.17427701674277,480,0.175695461200586,474,0.165502793296089,478,0.165857043719639,500,0.168634064080944,503,0.166335978835979,496,0.162889983579639,455,0.160211267605634,423,0.154098360655738,500,0.178189593727726,531,0.190938511326861,540,0.20470053070508,448,0.168674698795181,488,0.168333908244222
    Interconnect Solutions,,—,,—,,—,,—,,—,,—,,—,,—,,281,0.0131100121302603,298,0.0508792897387741,313,0.0550765440788316,—,,238,0.0664433277498604,282,0.077728776185226,339,0.0935430463576159,328,0.0936340279760206,266,0.0763928776565192,274,0.0871224165341812,370,0.106998264893002,370,0.103150264845275,330,0.125570776255708,339,0.124084919472914,489,0.170740223463687,459,0.159264399722415,460,0.155143338954469,465,0.153769841269841,446,0.146469622331691,371,0.130633802816901,399,0.145355191256831,353,0.125801853171775,380,0.136641495864797,354,0.134192570128886,396,0.149096385542169,468,0.161434977578475
  Water & Protection,,1189,0.067587539790814,1321,0.0716377440347072,1238,0.0731851501537006,1236,0.0700203942895989,434,0.0329812295767156,1284,0.0622726611377855,1310,0.0722718746551914,1290,0.0644871025794841,1299,0.0606046468228049,1372,0.234249615844289,1364,0.240014077071969,1294,0.237126626351475,1283,0.358179787828029,1341,0.369625137816979,1327,0.366169977924945,1250,0.356836996859834,1276,0.366456059735784,1244,0.395548489666137,1249,0.361191440138809,1224,0.341232227488152,1328,0.505327245053272,1412,0.51683748169839,1397,0.487779329608939,1415,0.490978487161693,1429,0.481956155143339,1497,0.495039682539683,1534,0.503776683087028,1497,0.527112676056338,1449,0.527868852459016,1494,0.532430506058446,1413,0.508090614886731,1277,0.484078847611827,1291,0.486069277108434,1391,0.479820627802691
    Safety Solutions,,—,,—,,—,,—,,—,,—,,—,,—,,—,,639,0.109100221956633,619,0.108921344360373,—,,665,0.185650474595198,657,0.18109151047409,630,0.173841059602649,597,0.170425349700257,631,0.181217690982194,581,0.184737678855326,534,0.154424522845575,545,0.151937552272094,637,0.242389649923896,650,0.23792093704246,646,0.225558659217877,634,0.21998612074948,654,0.220573355817875,663,0.219246031746032,684,0.224630541871921,648,0.228169014084507,676,0.246265938069217,683,0.243406985032074,630,0.226537216828479,530,0.200909780136467,587,0.221009036144578,613,0.21145222490514
    Shelter Solutions,,—,,—,,—,,—,,—,,—,,—,,—,,—,,471,0.0804165955267202,473,0.0832306880168925,—,,357,0.0996649916247906,398,0.109702315325248,411,0.11341059602649,369,0.105338281473023,348,0.0999425617461229,316,0.100476947535771,387,0.111914401388086,375,0.104544187343184,360,0.136986301369863,419,0.153367496339678,414,0.144553072625698,422,0.146426092990978,422,0.142327150084317,487,0.161044973544974,476,0.15632183908046,430,0.151408450704225,395,0.143897996357013,422,0.150392017106201,431,0.154980222941388,407,0.154283548142532,390,0.14683734939759,425,0.14660227664712
    Water Solutions,,—,,—,,—,,—,,—,,—,,—,,—,,229,0.0106839600634506,262,0.0447327983609356,272,0.0478620446947035,—,,261,0.0728643216080402,286,0.0788313120176406,286,0.0789183222958057,284,0.0810733656865544,297,0.085295807007467,347,0.11033386327504,328,0.0948525159051475,304,0.0847504878728743,331,0.125951293759513,343,0.125549048316252,337,0.117667597765363,359,0.124566273421235,353,0.119055649241147,347,0.114748677248677,374,0.122824302134647,419,0.147535211267606,378,0.137704918032787,389,0.138631503920171,352,0.126573175116864,338,0.128127369219105,314,0.118222891566265,353,0.121766126250431
    Tyvek® Enterprise,,—,,—,,—,,—,,—,,—,,—,,—,,292,0.0136232154520855,—,,—,,—,,—,,—,,—,,—,,—,,—,,—,,—,,—,,—,,—,,—,,—,,—,,—,,—,,—,,—,,—,,—,,—,,—,
    Construction,,—,,—,,—,,—,,—,,—,,—,,—,,385,0.0179621162638798,—,,—,,—,,—,,—,,—,,—,,—,,—,,—,,—,,—,,—,,—,,—,,—,,—,,—,,—,,—,,—,,—,,—,,—,,—,
    Aramids,,—,,—,,—,,—,,—,,—,,—,,—,,393,0.018335355043389,—,,—,,—,,—,,—,,—,,—,,—,,—,,—,,—,,—,,—,,—,,—,,—,,—,,—,,—,,—,,—,,—,,—,,—,,—,
  Corporate and Other,,—,,—,,—,,—,,—,,—,,—,,—,,—,,—,,—,,—,,—,,—,,—,,—,,—,,—,,—,,—,,389,,372,,335,,364,,309,,298,,272,,264,,273,,288,,277,,260,,275,,272,
  Corporate,,—,,—,,—,,—,,—,,—,,—,,—,,—,,—,,—,,—,,297,,282,,277,,243,,188,,144,,171,,163,,—,,—,,—,,—,,—,,—,,—,,—,,—,,—,,—,,—,,—,,—,
  Mobility & Materials,,—,,—,,—,,—,,—,,—,,—,,—,,—,,—,,—,,—,,1245,0.347571189279732,1198,0.330209481808159,1139,0.314293598233996,1108,0.316300314016557,1091,0.313325674899483,790,0.251192368839428,996,0.288027761711972,1128,0.314468915528297,—,,—,,—,,—,,—,,—,,—,,—,,—,,—,,—,,—,,—,,—,
    Performance Resins,,—,,—,,—,,—,,—,,—,,—,,—,,—,,—,,—,,—,,308,0.0859854829704076,293,0.080760749724366,274,0.07560706401766,263,0.0750785041393092,266,0.0763928776565192,—,,233,0.06737998843262,288,0.0802899358795651,—,,—,,—,,—,,—,,—,,—,,—,,—,,—,,—,,—,,—,,—,
    Engineering Polymers,,—,,—,,—,,—,,—,,—,,—,,—,,—,,—,,—,,—,,625,0.174483528754886,588,0.162072767364939,559,0.15424944812362,548,0.156437339423351,519,0.149052268811028,—,,460,0.133024869866975,514,0.143295232785057,—,,—,,—,,—,,—,,—,,—,,—,,—,,—,,—,,—,,—,,—,
    Advanced Solutions,,—,,—,,—,,—,,—,,—,,—,,—,,—,,—,,—,,—,,312,0.0871021775544389,317,0.0873759647188534,306,0.0844370860927152,297,0.0847844704538967,306,0.0878805284319357,—,,303,0.0876229034123771,326,0.0908837468636744,—,,—,,—,,—,,—,,—,,—,,—,,—,,—,,—,,—,,—,,—,
  Non-Core,,—,,—,,—,,—,,—,,—,,—,,14636,0.731653669266147,—,,526,0.0898070684650845,489,0.0860461024106986,498,0.091258933479934,—,,—,,—,,—,,—,,—,,—,,—,,—,,—,,—,,—,,—,,—,,—,,—,,—,,—,,—,,—,,—,,—,
    Sustainable Solutions,,—,,—,,—,,—,,—,,—,,—,,—,,—,,39,0.00665869899265836,—,,—,,—,,—,,—,,—,,—,,—,,—,,—,,—,,—,,—,,—,,—,,—,,—,,—,,—,,—,,—,,—,,—,,—,
    DuPont Teijin Films,,—,,—,,—,,—,,—,,—,,—,,—,,—,,51,0.00870752945193785,—,,—,,—,,—,,—,,—,,—,,—,,—,,—,,—,,—,,—,,—,,—,,—,,—,,—,,—,,—,,—,,—,,—,,—,
    Clean Technologies,,—,,—,,—,,—,,—,,—,,—,,—,,—,,79,0.0134881338569233,—,,—,,—,,—,,—,,—,,—,,—,,—,,—,,—,,—,,—,,—,,—,,—,,—,,—,,—,,—,,—,,—,,—,,—,
    Biomaterials,,—,,—,,—,,—,,—,,—,,—,,—,,—,,74,0.0126344544988902,—,,—,,—,,—,,—,,—,,—,,—,,—,,—,,—,,—,,—,,—,,—,,—,,—,,—,,—,,—,,—,,—,,—,,—,
    Photovoltaic & Advanced Materials,,—,,—,,—,,—,,—,,—,,—,,—,,289,0.0134832509097695,283,0.0483182516646747,—,,—,,—,,—,,—,,—,,—,,—,,—,,—,,—,,—,,—,,—,,—,,—,,—,,—,,—,,—,,—,,—,,—,,—,
  Transportation & Industrial,,1011,0.0574693042291951,1118,0.0606290672451193,1187,0.0701702530148971,1181,0.0669046000453206,290,0.0220381487955012,1329,0.0644551142150444,1299,0.0716650115855677,1297,0.0648370325934813,1425,0.0664831576000746,1417,0.241932730066587,1357,0.238782333274679,1270,0.232728605460876,—,,—,,—,,—,,—,,—,,—,,—,,—,,—,,—,,—,,—,,—,,—,,—,,—,,—,,—,,—,,—,,—,
    Healthcare & Speciality,,—,,—,,—,,—,,—,,—,,—,,—,,406,0.0189418680600914,424,0.0723920095612088,387,0.0680978356501848,—,,—,,—,,—,,—,,—,,—,,—,,—,,—,,—,,—,,—,,—,,—,,—,,—,,—,,—,,—,,—,,—,,—,
    Industrial & Consumer,,—,,—,,—,,—,,—,,—,,—,,—,,351,0.0163758514509658,345,0.0589038757042855,322,0.0566602146753475,—,,—,,—,,—,,—,,—,,—,,—,,—,,—,,—,,—,,—,,—,,—,,—,,—,,—,,—,,—,,—,,—,,—,
    Mobility Solutions,,—,,—,,—,,—,,—,,—,,—,,—,,668,0.0311654380890174,648,0.110636844801093,648,0.114024282949147,—,,—,,—,,—,,—,,—,,—,,—,,—,,—,,—,,—,,—,,—,,—,,—,,—,,—,,—,,—,,—,,—,,—,
  Specialty Products,,—,,—,,—,,—,,—,,—,,—,,—,,5597,0.261127181114118,—,,—,,—,,—,,—,,—,,—,,—,,—,,—,,—,,—,,—,,—,,—,,—,,—,,—,,—,,—,,—,,—,,—,,—,,—,
  Materials Science,,—,,—,,—,,—,,—,,—,,—,,—,,12029,0.561211159839507,—,,—,,—,,—,,—,,—,,—,,—,,—,,—,,—,,—,,—,,—,,—,,—,,—,,—,,—,,—,,—,,—,,—,,—,,—,
    Packaging & Specialty Plastics,,4503,0.255968622100955,5063,0.274566160520607,5070,0.299716244975171,5212,0.295263992748697,5025,0.38186792309446,5428,0.263252340074688,5490,0.302879841112214,—,,6010,0.28039563310628,—,,—,,—,,—,,—,,—,,—,,—,,—,,—,,—,,—,,—,,—,,—,,—,,—,,—,,—,,—,,—,,—,,—,,—,,—,
      Packaging and Specialty Plastics,,—,,—,,—,,—,,—,,—,,—,,—,,4210,0.196416907716712,—,,—,,—,,—,,—,,—,,—,,—,,—,,—,,—,,—,,—,,—,,—,,—,,—,,—,,—,,—,,—,,—,,—,,—,,—,
      Hydrocarbons & Energy,,—,,—,,—,,—,,—,,—,,—,,—,,1800,0.083978725389568,—,,—,,—,,—,,—,,—,,—,,—,,—,,—,,—,,—,,—,,—,,—,,—,,—,,—,,—,,—,,—,,—,,—,,—,,—,
    Industrial Intermediates & Infrastructure,,2571,0.146145975443383,2674,0.145010845986985,2770,0.163750295578151,2805,0.158905506458192,2851,0.216657800744737,3013,0.146127358261797,3226,0.177976387509655,—,,3715,0.173322758234581,—,,—,,—,,—,,—,,—,,—,,—,,—,,—,,—,,—,,—,,—,,—,,—,,—,,—,,—,,—,,—,,—,,—,,—,,—,
      Polyurethanes & CAV,,—,,—,,—,,—,,—,,—,,—,,—,,2370,0.110571988429598,—,,—,,—,,—,,—,,—,,—,,—,,—,,—,,—,,—,,—,,—,,—,,—,,—,,—,,—,,—,,—,,—,,—,,—,,—,
      Others,,—,,—,,—,,—,,—,,—,,—,,—,,4,0.000186619389754595,—,,—,,—,,—,,—,,—,,—,,—,,—,,—,,—,,—,,—,,—,,—,,—,,—,,—,,—,,—,,—,,—,,—,,—,,—,
      Industrial Solutions - Delete,,—,,—,,—,,—,,—,,—,,—,,—,,1159,0.054072968181394,—,,—,,—,,—,,—,,—,,—,,—,,—,,—,,—,,—,,—,,—,,—,,—,,—,,—,,—,,—,,—,,—,,—,,—,,—,
      Construction Chemicals,,—,,—,,—,,—,,—,,—,,—,,—,,182,0.0084911822338341,—,,—,,—,,—,,—,,—,,—,,—,,—,,—,,—,,—,,—,,—,,—,,—,,—,,—,,—,,—,,—,,—,,—,,—,,—,
    Performance Materials & Coatings,,954,0.0542291950886767,1440,0.0780911062906725,2046,0.120950579333176,1922,0.108882846136415,2079,0.157990728778783,2255,0.109365148649304,2219,0.122420831954099,—,,2304,0.107492768498647,—,,—,,—,,—,,—,,—,,—,,—,,—,,—,,—,,—,,—,,—,,—,,—,,—,,—,,—,,—,,—,,—,,—,,—,,—,
      Consumer Solutions,,—,,—,,—,,—,,—,,—,,—,,—,,1363,0.0635905570588784,—,,—,,—,,—,,—,,—,,—,,—,,—,,—,,—,,—,,—,,—,,—,,—,,—,,—,,—,,—,,—,,—,,—,,—,,—,
      Coatings & Performance Monomers,,—,,—,,—,,—,,—,,—,,—,,—,,941,0.0439022114397686,—,,—,,—,,—,,—,,—,,—,,—,,—,,—,,—,,—,,—,,—,,—,,—,,—,,—,,—,,—,,—,,—,,—,,—,,—,
  Corporate & Other,,68,,69,,75,,82,,71,,98,,159,,62,,76,,—,,—,,—,,—,,—,,—,,—,,—,,—,,—,,—,,—,,—,,—,,—,,—,,—,,—,,—,,—,,—,,—,,—,,—,,—,
  Nutrition & Biosciences,,1404,0.0798090040927694,1440,0.0780911062906725,1469,0.0868408607235753,1450,0.0821436664400634,257,0.0195303594498062,1494,0.0724574421649934,1473,0.081264481959616,1589,0.0794341131773645,1720,0.0802463375944761,1621,0.276762847874338,1533,0.269751891606546,1485,0.272127542605827,—,,—,,—,,—,,—,,—,,—,,—,,—,,—,,—,,—,,—,,—,,—,,—,,—,,—,,—,,—,,—,,—,
    Pharma Solutions,,—,,—,,—,,—,,—,,—,,—,,—,,—,,220,0.0375618917534574,199,0.0350167165229632,—,,—,,—,,—,,—,,—,,—,,—,,—,,—,,—,,—,,—,,—,,—,,—,,—,,—,,—,,—,,—,,—,,—,
    Health & Biosciences,,—,,—,,—,,—,,—,,—,,—,,—,,—,,618,0.105514768652894,601,0.105754003167341,—,,—,,—,,—,,—,,—,,—,,—,,—,,—,,—,,—,,—,,—,,—,,—,,—,,—,,—,,—,,—,,—,,—,
    Food & Beverage,,—,,—,,—,,—,,—,,—,,—,,—,,—,,783,0.133686187467987,733,0.128981171916241,—,,—,,—,,—,,—,,—,,—,,—,,—,,—,,—,,—,,—,,—,,—,,—,,—,,—,,—,,—,,—,,—,,—,
    Nutrition & Health,,—,,—,,—,,—,,—,,—,,—,,—,,1179,0.055006065130167,—,,—,,—,,—,,—,,—,,—,,—,,—,,—,,—,,—,,—,,—,,—,,—,,—,,—,,—,,—,,—,,—,,—,,—,,—,
    Industrial Biosciences,,—,,—,,—,,—,,—,,—,,—,,—,,541,0.025240272464309,—,,—,,—,,—,,—,,—,,—,,—,,—,,—,,—,,—,,—,,—,,—,,—,,—,,—,,—,,—,,—,,—,,—,,—,,—,
  Electronics & Imaging,,918,0.0521828103683492,1028,0.0557483731019523,1138,0.0672735871364389,1182,0.0669612508497621,655,0.0497758188312182,1221,0.0592172268296232,1198,0.0660929052190224,1192,0.0595880823835233,1153,0.0537930390967622,921,0.157247737749701,940,0.165405595636108,910,0.166758292101887,—,,—,,—,,—,,—,,—,,—,,—,,—,,—,,—,,—,,—,,—,,—,,—,,—,,—,,—,,—,,—,,—,
    Semiconductor Technologies,,—,,—,,—,,—,,—,,—,,—,,—,,401,0.0187085938228982,405,0.0691480280006829,410,0.072144993841281,—,,—,,—,,—,,—,,—,,—,,—,,—,,—,,—,,—,,—,,—,,—,,—,,—,,—,,—,,—,,—,,—,,—,
    Display & Other Technologies,,—,,—,,—,,—,,—,,—,,—,,—,,60,0.00279929084631893,82,0.0140003414717432,88,0.0154847791659335,—,,—,,—,,—,,—,,—,,—,,—,,—,,—,,—,,—,,—,,—,,—,,—,,—,,—,,—,,—,,—,,—,,—,
    Advanced Printing,,—,,—,,—,,—,,—,,—,,—,,—,,122,0.00569189138751516,136,0.0232200785385009,129,0.0226992785500616,—,,—,,—,,—,,—,,—,,—,,—,,—,,—,,—,,—,,—,,—,,—,,—,,—,,—,,—,,—,,—,,—,,—,
  Agriculture,,5042,0.286607548885857,4356,0.236225596529284,1998,0.11811302908489,2664,0.150917743031951,1568,0.119157990728779,4595,0.222852708666764,1911,0.105428666004634,—,,3808,0.177661659046375,—,,—,,—,,—,,—,,—,,—,,—,,—,,—,,—,,—,,—,,—,,—,,—,,—,,—,,—,,—,,—,,—,,—,,—,,—,
    Seed,,—,,—,,—,,—,,—,,—,,—,,—,,2313,0.107912662125595,—,,—,,—,,—,,—,,—,,—,,—,,—,,—,,—,,—,,—,,—,,—,,—,,—,,—,,—,,—,,—,,—,,—,,—,,—,
    Crop Protection,,—,,—,,—,,—,,—,,—,,—,,—,,1495,0.0697489969207801,—,,—,,—,,—,,—,,—,,—,,—,,—,,—,,—,,—,,—,,—,,—,,—,,—,,—,,—,,—,,—,,—,,—,,—,,—,
Net Sales % Increased at Constant Currency,,—,,—,,—,,—,,—,,—,,—,,—,,—,,—,,—,,—,,—,,—,,—,,—,,—,,—,,—,,—,,—,,—,,—,,—,,—,,—,,—,,—,,—,,—,,—,,—,,—,,—,
  Corporate and Other,,—,,—,,—,,—,,—,,—,,—,,—,,—,,—,,—,,—,,—,,—,,—,,—,,—,,—,,—,,—,,—,,—,,—,,—,,-2,,-2,,-4,,-4,,-3,,-1,,1,,—,,0,,-1,
  Water & Protection,,—,,—,,—,,—,,—,,—,,—,,—,,—,,3,,2,,3,,—,,1,,—,,-1,,-4,,-1,,0,,1,,1,,—,,1,,-1,,-2,,-3,,-5,,-6,,-3,,-1,,0,,0,,-1,,-1,
  Electronics & Industrial,,—,,—,,—,,—,,—,,—,,—,,—,,—,,—,,—,,—,,—,,-5,,—,,0,,9,,-1,,0,,2,,15,,—,,1,,0,,-2,,-3,,-4,,-5,,-2,,-1,,0,,0,,-1,,-2,
  Mobility & Materials,,—,,—,,—,,—,,—,,—,,—,,—,,—,,—,,—,,—,,—,,-12,,—,,-1,,-8,,-1,,0,,2,,—,,—,,—,,—,,—,,—,,—,,—,,—,,—,,—,,—,,—,,—,
  Non-Core,,—,,—,,—,,—,,—,,—,,—,,—,,—,,—,,—,,—,,—,,-14,,—,,0,,-12,,-1,,0,,1,,-4,,—,,—,,—,,—,,—,,—,,—,,—,,—,,—,,—,,—,,—,
  Transportation & Industrial,,—,,—,,—,,—,,—,,—,,—,,—,,—,,6,,1,,-5,,—,,—,,—,,—,,—,,—,,—,,—,,—,,—,,—,,—,,—,,—,,—,,—,,—,,—,,—,,—,,—,,—,
  Nutrition & Biosciences,,—,,—,,—,,—,,—,,—,,—,,—,,—,,0,,0,,1,,—,,-1,,—,,-2,,1,,-2,,0,,1,,—,,—,,—,,—,,—,,—,,—,,—,,—,,—,,—,,—,,—,,—,
  Electronics & Imaging,,—,,—,,—,,—,,—,,—,,—,,—,,—,,5,,2,,1,,—,,—,,—,,—,,—,,—,,—,,—,,—,,—,,—,,—,,—,,—,,—,,—,,—,,—,,—,,—,,—,,—,
  Packaging & Specialty Plastics,,—,,—,,—,,—,,—,,—,,—,,—,,—,,—,,7,,—,,—,,—,,—,,—,,—,,—,,—,,—,,—,,—,,—,,—,,—,,—,,—,,—,,—,,—,,—,,—,,—,,—,
  Industrial Intermediates & Infrastructure,,—,,—,,—,,—,,—,,—,,—,,—,,—,,—,,16,,—,,—,,—,,—,,—,,—,,—,,—,,—,,—,,—,,—,,—,,—,,—,,—,,—,,—,,—,,—,,—,,—,,—,
  Performance Materials & Coatings,,—,,—,,—,,—,,—,,—,,—,,—,,—,,—,,-1,,—,,—,,—,,—,,—,,—,,—,,—,,—,,—,,—,,—,,—,,—,,—,,—,,—,,—,,—,,—,,—,,—,,—,
  Agriculture,,—,,—,,—,,—,,—,,—,,—,,—,,—,,—,,-2,,—,,—,,—,,—,,—,,—,,—,,—,,—,,—,,—,,—,,—,,—,,—,,—,,—,,—,,—,,—,,—,,—,,—,
EBITDA,,3949,1.0,3958,1.0,3022,1.0,3185,1.0,—,,—,,—,,1865,1.0,4871,1.0,1410,1.0,—,,1706,1.0,1070,1.0,1017,1.0,1020,1.0,1037,1.0,907,1.0,695,1.0,906,1.0,931,1.0,791,1.0,780,1.0,817,1.0,752,1.0,817,1.0,829,1.0,856,1.0,758,1.0,714,1.0,738,1.0,775,1.0,715,1.0,682,1.0,798,1.0
  Electronics & Industrial,,—,,—,,—,,—,,—,,—,,—,,—,,—,,—,,—,,—,,382,0.374877330716389,329,0.339876033057851,396,0.419491525423729,347,0.409681227863046,327,0.363737486095662,336,0.515337423312883,421,0.470391061452514,384,0.416034669555796,436,0.551201011378002,424,0.54639175257732,475,0.573671497584541,423,0.565508021390374,476,0.582619339045288,480,0.579710144927536,473,0.553216374269006,407,0.530638852672751,362,0.512747875354108,349,0.486750348675035,383,0.514093959731544,378,0.546242774566474,374,0.559043348281016,419,0.549148099606815
  Water & Protection,,315,0.0760318609703114,306,0.0732232591529074,282,0.087932647333957,227,0.066823667942302,—,,—,,—,,273,0.182242990654206,354,0.0702380952380952,341,0.214195979899498,—,,311,0.186899038461538,363,0.356231599607458,369,0.381198347107438,340,0.360169491525424,298,0.351829988193625,357,0.397107897664071,339,0.519938650306748,314,0.350837988826816,303,0.328277356446371,355,0.448798988621997,352,0.45360824742268,353,0.426328502415459,325,0.434491978609626,341,0.417380660954712,348,0.420289855072464,382,0.446783625730994,360,0.469361147327249,344,0.487252124645892,368,0.513249651324965,362,0.485906040268456,314,0.453757225433526,295,0.440956651718984,344,0.450851900393185
  Corporate and Other,,—,,—,,—,,—,,—,,—,,—,,—,,—,,—,,—,,—,,—,,—,,—,,—,,—,,—,,—,,—,,—,,4,,-11,,4,,—,,1,,1,,-9,,8,,21,,30,,23,,13,,35,
  Corporate,,—,,—,,—,,—,,—,,—,,—,,—,,—,,—,,—,,—,,51,,49,,76,,190,,8,,43,,11,,8,,—,,—,,—,,—,,—,,—,,—,,—,,—,,—,,—,,—,,—,,—,
  Mobility & Materials,,—,,—,,—,,—,,—,,—,,—,,—,,—,,—,,—,,—,,274,0.268891069676153,270,0.278925619834711,208,0.220338983050847,202,0.238488783943329,215,0.239154616240267,-23,-0.0352760736196319,160,0.17877094972067,236,0.255687973997833,—,,—,,—,,—,,—,,—,,—,,—,,—,,—,,—,,—,,—,,—,
  Non-Core,,—,,—,,—,,—,,—,,—,,—,,661,0.441255006675567,—,,—,,—,,358,0.215144230769231,—,,—,,—,,—,,—,,—,,—,,—,,—,,—,,—,,—,,—,,—,,—,,—,,—,,—,,—,,—,,—,,—,
  Transportation & Industrial,,217,0.0523775042239923,249,0.0595836324479541,303,0.0944808231992516,276,0.0812481601413012,—,,—,,—,,281,0.18758344459279,437,0.0867063492063492,446,0.280150753768844,—,,344,0.206730769230769,—,,—,,—,,—,,—,,—,,—,,—,,—,,—,,—,,—,,—,,—,,—,,—,,—,,—,,—,,—,,—,,—,
  Specialty Products,,—,,—,,—,,—,,—,,—,,—,,—,,1566,0.310714285714286,—,,—,,—,,—,,—,,—,,—,,—,,—,,—,,—,,—,,—,,—,,—,,—,,—,,—,,—,,—,,—,,—,,—,,—,,—,
  Materials Science,,—,,—,,—,,—,,—,,—,,—,,—,,2583,0.5125,—,,—,,—,,—,,—,,—,,—,,—,,—,,—,,—,,—,,—,,—,,—,,—,,—,,—,,—,,—,,—,,—,,—,,—,,—,
    Packaging & Specialty Plastics,,1105,0.266714940864108,1365,0.326633165829146,1386,0.432179607109448,1273,0.374742419782161,—,,—,,—,,—,,1301,0.258134920634921,—,,—,,—,,—,,—,,—,,—,,—,,—,,—,,—,,—,,—,,—,,—,,—,,—,,—,,—,,—,,—,,—,,—,,—,,—,
    Industrial Intermediates & Infrastructure,,414,0.0999275887038378,368,0.0880593443407514,401,0.125038977237293,489,0.143950544598175,—,,—,,—,,—,,654,0.129761904761905,—,,—,,—,,—,,—,,—,,—,,—,,—,,—,,—,,—,,—,,—,,—,,—,,—,,—,,—,,—,,—,,—,,—,,—,,—,
    Performance Materials & Coatings,,168,0.0405503258508327,323,0.0772912179947356,345,0.107577174929841,392,0.115395937591993,—,,—,,—,,—,,628,0.124603174603175,—,,—,,—,,—,,—,,—,,—,,—,,—,,—,,—,,—,,—,,—,,—,,—,,—,,—,,—,,—,,—,,—,,—,,—,,—,
  Corporate & Other,,-194,,-221,,-185,,-212,,—,,—,,—,,367,,-169,,-182,,—,,42,,—,,—,,—,,—,,—,,—,,—,,—,,—,,—,,—,,—,,—,,—,,—,,—,,—,,—,,—,,—,,—,,—,
  Nutrition & Biosciences,,303,0.0731354091238233,294,0.0703517587939698,321,0.100093545369504,309,0.0909626140712393,—,,—,,—,,212,0.141522029372497,418,0.0829365079365079,433,0.271984924623116,—,,330,0.198317307692308,—,,—,,—,,—,,—,,—,,—,,—,,—,,—,,—,,—,,—,,—,,—,,—,,—,,—,,—,,—,,—,,—,
  Electronics & Imaging,,229,0.0552739560704803,272,0.065087341469251,341,0.106329903336451,331,0.0974389166911981,—,,—,,—,,71,0.0473965287049399,357,0.0708333333333333,372,0.233668341708543,—,,321,0.192908653846154,—,,—,,—,,—,,—,,—,,—,,—,,—,,—,,—,,—,,—,,—,,—,,—,,—,,—,,—,,—,,—,,—,
  Agriculture,,1392,0.335988414192614,1002,0.239770279971285,-172,-0.0536326785157468,100,0.0294377391816309,—,,—,,—,,—,,891,0.176785714285714,—,,—,,—,,—,,—,,—,,—,,—,,—,,—,,—,,—,,—,,—,,—,,—,,—,,—,,—,,—,,—,,—,,—,,—,,—,
EBITDA Margin,,—,,—,,—,,—,,—,,—,,—,,—,,—,,—,,—,,—,,—,,—,,—,,—,,—,,—,,—,,—,,—,,—,,—,,—,,—,,—,,—,,—,,—,,—,,—,,—,,—,,—,
  Transportation & Advanced Polymers,,21.5,,22.3,,25.5,,23.4,,—,,—,,—,,—,,30.7,,—,,—,,29.5,,—,,—,,—,,—,,—,,—,,—,,—,,—,,—,,—,,—,,—,,—,,—,,—,,—,,—,,—,,—,,—,,—,
  Corporate & Other,,-285.3,,-320.3,,-246.7,,-258.5,,—,,—,,—,,—,,-222.4,,—,,—,,-269.69,,—,,—,,—,,—,,—,,—,,—,,—,,—,,—,,—,,—,,—,,—,,—,,—,,—,,—,,—,,—,,—,,—,
  Safety & Construction,,26.5,,23.2,,22.8,,18.4,,—,,—,,—,,—,,27.3,,—,,—,,25.6,,—,,—,,—,,—,,—,,—,,—,,—,,—,,—,,—,,—,,—,,—,,—,,—,,—,,—,,—,,—,,—,,—,
  Nutrition & Biosciences,,21.6,,20.4,,21.9,,21.3,,—,,—,,—,,—,,24.3,,—,,—,,22.5,,—,,—,,—,,—,,—,,—,,—,,—,,—,,—,,—,,—,,—,,—,,—,,—,,—,,—,,—,,—,,—,,—,
  Electronics & Imaging,,24.9,,26.5,,30,,28,,—,,—,,—,,—,,31,,—,,—,,58.6,,—,,—,,—,,—,,—,,—,,—,,—,,—,,—,,—,,—,,—,,—,,—,,—,,—,,—,,—,,—,,—,,—,
  Packaging & Specialty Plastics,,24.5,,27,,27.3,,24.4,,—,,—,,—,,—,,21.6,,—,,—,,18.8,,—,,—,,—,,—,,—,,—,,—,,—,,—,,—,,—,,—,,—,,—,,—,,—,,—,,—,,—,,—,,—,,—,
  Industrial Intermediates & Infrastructure,,16.1,,13.8,,14.5,,17.4,,—,,—,,—,,—,,17.6,,—,,—,,15,,—,,—,,—,,—,,—,,—,,—,,—,,—,,—,,—,,—,,—,,—,,—,,—,,—,,—,,—,,—,,—,,—,
  Performance Materials & Coatings,,17.6,,22.4,,16.9,,20.4,,—,,—,,—,,—,,27.3,,—,,—,,19.2,,—,,—,,—,,—,,—,,—,,—,,—,,—,,—,,—,,—,,—,,—,,—,,—,,—,,—,,—,,—,,—,,—,
  Agriculture,,27.6,,23,,-8.6,,3.8,,—,,—,,—,,—,,23.4,,—,,—,,8.3,,—,,—,,—,,—,,—,,—,,—,,—,,—,,—,,—,,—,,—,,—,,—,,—,,—,,—,,—,,—,,—,,—,
Revenue Growth %,,—,,—,,—,,—,,—,,—,,—,,—,,—,,—,,—,,—,,—,,—,,—,,—,,—,,—,,—,,—,,—,,—,,—,,—,,—,,—,,—,,—,,—,,—,,—,,—,,—,,—,
  Electronics & Industrial,,—,,—,,—,,—,,—,,—,,—,,—,,—,,—,,—,,—,,—,,—,,—,,—,,—,,—,,—,,9,,—,,19,,21,,19,,18,,16,,3,,-8,,-16,,-14,,-9,,1,,5,,15,
  Corporate and Other,,—,,—,,—,,—,,—,,—,,—,,—,,—,,—,,—,,—,,—,,—,,—,,—,,—,,—,,—,,—,,—,,—,,—,,—,,—,,—,,-19,,-27,,-12,,-3,,2,,-2,,1,,-6,
  Water & Protection,,—,,—,,—,,—,,—,,—,,6,,—,,7,,6,,7,,4,,2,,-2,,-3,,-3,,-1,,—,,—,,-2,,—,,14,,12,,16,,8,,6,,10,,6,,1,,0,,-8,,-15,,-11,,-7,
  Non-Core,,—,,—,,—,,—,,—,,—,,—,,—,,—,,—,,—,,—,,—,,—,,—,,—,,-19,,—,,—,,—,,—,,—,,—,,—,,—,,—,,—,,—,,—,,—,,—,,—,,—,,—,
  Transportation & Industrial,,—,,—,,—,,—,,—,,—,,9,,10,,14,,14,,8,,2,,—,,—,,—,,—,,-13,,—,,—,,—,,—,,—,,—,,—,,—,,—,,—,,—,,—,,—,,—,,—,,—,,—,
  Nutrition & Biosciences,,—,,—,,—,,—,,—,,—,,0,,—,,21,,19,,14,,3,,—,,—,,—,,—,,1,,—,,—,,—,,—,,—,,—,,—,,—,,—,,—,,—,,—,,—,,—,,—,,—,,—,
  Electronics & Imaging,,—,,—,,—,,—,,—,,—,,5,,1,,-1,,-1,,0,,-2,,—,,—,,—,,—,,7,,—,,—,,—,,—,,—,,—,,—,,—,,—,,—,,—,,—,,—,,—,,—,,—,,—,
  Packaging & Specialty Plastics,,—,,—,,—,,—,,—,,—,,—,,—,,12,,—,,—,,—,,—,,—,,—,,—,,—,,—,,—,,—,,—,,—,,—,,—,,—,,—,,—,,—,,—,,—,,—,,—,,—,,—,
  Industrial Intermediates & Infrastructure,,—,,—,,—,,—,,—,,—,,—,,—,,30,,—,,—,,—,,—,,—,,—,,—,,—,,—,,—,,—,,—,,—,,—,,—,,—,,—,,—,,—,,—,,—,,—,,—,,—,,—,
  Performance Materials & Coatings,,—,,—,,—,,—,,—,,—,,—,,—,,12,,—,,—,,—,,—,,—,,—,,—,,—,,—,,—,,—,,—,,—,,—,,—,,—,,—,,—,,—,,—,,—,,—,,—,,—,,—,
  Agriculture,,—,,—,,—,,—,,—,,—,,—,,—,,-25,,—,,—,,—,,—,,—,,—,,—,,—,,—,,—,,—,,—,,—,,—,,—,,—,,—,,—,,—,,—,,—,,—,,—,,—,,—,
Revenue Growth - Supplemental Breakdown,,—,,—,,—,,—,,—,,—,,—,,—,,—,,—,,—,,—,,—,,—,,—,,—,,—,,—,,—,,—,,—,,—,,—,,—,,—,,—,,—,,—,,—,,—,,—,,—,,—,,—,
  Electronics & Industrial,,—,,—,,—,,—,,—,,—,,—,,—,,—,,—,,—,,—,,—,,-7,,—,,3,,—,,5,,7,,9,,—,,19,,—,,19,,18,,16,,3,,-8,,-16,,-14,,-9,,1,,5,,15,
  Corporate and Other,,—,,—,,—,,—,,—,,—,,—,,—,,—,,—,,—,,—,,—,,—,,—,,—,,—,,—,,—,,—,,—,,—,,—,,—,,-21,,-20,,-19,,-27,,-12,,-3,,2,,-2,,1,,-6,
  Water & Protection,,—,,—,,—,,—,,—,,—,,—,,—,,—,,6,,140,,4,,—,,—,,-3,,—,,—,,—,,—,,—,,—,,—,,—,,16,,8,,6,,10,,6,,1,,0,,-8,,-15,,-11,,-17,
  Mobility & Materials,,—,,—,,—,,—,,—,,—,,—,,—,,—,,—,,—,,—,,—,,-10,,—,,-9,,—,,-34,,-14,,1,,—,,—,,—,,—,,—,,—,,—,,—,,—,,—,,—,,—,,—,,—,
  Transportation & Industrial,,—,,—,,—,,—,,—,,—,,—,,—,,—,,14,,251,,2,,—,,—,,—,,—,,—,,—,,—,,—,,—,,—,,—,,—,,—,,—,,—,,—,,—,,—,,—,,—,,—,,—,
  Nutrition & Biosciences,,—,,—,,—,,—,,—,,—,,—,,—,,—,,19,,330,,3,,—,,—,,—,,—,,—,,—,,—,,—,,—,,—,,—,,—,,—,,—,,—,,—,,—,,—,,—,,—,,—,,—,
  Electronics & Imaging,,—,,—,,—,,—,,—,,—,,—,,—,,—,,-1,,64,,-2,,—,,—,,—,,—,,—,,—,,—,,—,,—,,—,,—,,—,,—,,—,,—,,—,,—,,—,,—,,—,,—,,—,
  Packaging & Specialty Plastics,,—,,—,,—,,—,,—,,—,,—,,—,,—,,—,,19,,—,,—,,—,,—,,—,,—,,—,,—,,—,,—,,—,,—,,—,,—,,—,,—,,—,,—,,—,,—,,—,,—,,—,
  Industrial Intermediates & Infrastructure,,—,,—,,—,,—,,—,,—,,—,,—,,—,,—,,26,,—,,—,,—,,—,,—,,—,,—,,—,,—,,—,,—,,—,,—,,—,,—,,—,,—,,—,,—,,—,,—,,—,,—,
  Performance Materials & Coatings,,—,,—,,—,,—,,—,,—,,—,,—,,—,,—,,12,,—,,—,,—,,—,,—,,—,,—,,—,,—,,—,,—,,—,,—,,—,,—,,—,,—,,—,,—,,—,,—,,—,,—,
  Agriculture,,—,,—,,—,,—,,—,,—,,—,,—,,—,,—,,143,,—,,—,,—,,—,,—,,—,,—,,—,,—,,—,,—,,—,,—,,—,,—,,—,,—,,—,,—,,—,,—,,—,,—,
Organic Growth,,—,,—,,—,,—,,—,,—,,—,,—,,—,,—,,—,,—,,—,,—,,—,,—,,—,,—,,—,,—,,—,,—,,—,,—,,—,,—,,—,,—,,—,,—,,—,,—,,—,,—,
  Electronics & Industrial,,—,,—,,—,,—,,—,,—,,—,,—,,—,,—,,—,,—,,—,,—,,—,,—,,—,,—,,—,,—,,14,,17,,9,,9,,9,,8,,7,,-2,,-13,,-12,,-13,,-7,,-2,,8,
  Corporate and Other,,—,,—,,—,,—,,—,,—,,—,,—,,—,,—,,—,,—,,—,,—,,—,,—,,—,,—,,—,,—,,—,,—,,—,,—,,—,,9,,15,,12,,5,,9,,1,,-4,,1,,-5,
  Water & Protection,,—,,—,,—,,—,,—,,—,,—,,—,,—,,—,,—,,—,,8,,5,,—,,1,,—,,—,,—,,-6,,1,,11,,11,,17,,10,,9,,15,,12,,4,,1,,-8,,-15,,-10,,-6,
Share Profits of JV/Associates Results,,43,1.0,104,1.0,86,1.0,283,1.0,-3,,—,,—,,—,,257,1.0,7,1.0,45,1.0,—,,41,1.0,50,1.0,44,1.0,178,1.0,39,1.0,102,1.0,29,1.0,7,1.0,21,1.0,20,1.0,22,1.0,—,,24,1.0,20,1.0,16,1.0,13,1.0,15,1.0,14,1.0,11,1.0,11,1.0,12,1.0,23,1.0
  Electronics & Industrial,,—,,—,,—,,—,,—,,—,,—,,—,,—,,—,,—,,—,,3,0.25,5,0.357142857142857,11,0.578947368421053,5,0.5,9,0.529411764705882,10,0.454545454545455,8,0.4,—,,9,0.428571428571429,10,0.555555555555556,13,0.65,—,,10,0.416666666666667,9,0.529411764705882,7,0.4375,5,0.384615384615385,5,0.333333333333333,3,0.214285714285714,3,0.272727272727273,5,0.454545454545455,10,0.526315789473684,13,0.619047619047619
  Water & Protection,,6,0.130434782608696,7,0.0573770491803279,8,0.0888888888888889,4,0.0134680134680135,0,,—,,—,,—,,5,0.018796992481203,8,0.4,6,0.133333333333333,—,,8,0.666666666666667,7,0.5,7,0.368421052631579,5,0.5,7,0.411764705882353,5,0.227272727272727,7,0.35,7,1.0,12,0.571428571428571,8,0.444444444444444,7,0.35,—,,14,0.583333333333333,8,0.470588235294118,9,0.5625,8,0.615384615384615,10,0.666666666666667,11,0.785714285714286,8,0.727272727272727,6,0.545454545454545,9,0.473684210526316,8,0.380952380952381
  Corporate and Other,,—,,—,,—,,—,,—,,—,,—,,—,,—,,—,,—,,—,,—,,—,,—,,—,,—,,—,,—,,—,,—,,2,,2,,—,,—,,3,,0,,—,,0,,0,,0,,0,,-7,,2,
  Corporate,,—,,—,,—,,—,,—,,—,,—,,—,,—,,—,,—,,—,,29,,36,,25,,168,,22,,80,,9,,—,,—,,—,,—,,—,,—,,—,,—,,—,,—,,—,,—,,—,,—,,—,
  Mobility & Materials,,—,,—,,—,,—,,—,,—,,—,,—,,—,,—,,—,,—,,1,0.0833333333333333,2,0.142857142857143,1,0.0526315789473684,0,,1,0.0588235294117647,7,0.318181818181818,5,0.25,—,,—,,—,,—,,—,,—,,—,,—,,—,,—,,—,,—,,—,,—,,—,
  Non-Core,,—,,—,,—,,—,,—,,—,,—,,—,,—,,—,,31,0.688888888888889,—,,—,,—,,—,,—,,—,,—,,—,,—,,—,,—,,—,,—,,—,,—,,—,,—,,—,,—,,—,,—,,—,,—,
  Transportation & Industrial,,3,0.0652173913043478,9,0.0737704918032787,3,0.0333333333333333,0,,0,,—,,—,,—,,3,0.0112781954887218,1,0.05,1,0.0222222222222222,—,,—,,—,,—,,—,,—,,—,,—,,—,,—,,—,,—,,—,,—,,—,,—,,—,,—,,—,,—,,—,,—,,—,
  Specialty Products,,—,,—,,—,,—,,—,,—,,—,,—,,18,0.0676691729323308,—,,—,,—,,—,,—,,—,,—,,—,,—,,—,,—,,—,,—,,—,,—,,—,,—,,—,,—,,—,,—,,—,,—,,—,,—,
  Materials Science,,—,,—,,—,,—,,—,,—,,—,,—,,249,0.93609022556391,—,,—,,—,,—,,—,,—,,—,,—,,—,,—,,—,,—,,—,,—,,—,,—,,—,,—,,—,,—,,—,,—,,—,,—,,—,
    Packaging & Specialty Plastics,,0,,48,0.39344262295082,44,0.488888888888889,64,0.215488215488215,—,,—,,—,,—,,59,0.221804511278195,—,,—,,—,,—,,—,,—,,—,,—,,—,,—,,—,,—,,—,,—,,—,,—,,—,,—,,—,,—,,—,,—,,—,,—,,—,
    Industrial Intermediates & Infrastructure,,-31,-0.673913043478261,-11,-0.0901639344262295,-7,-0.0777777777777778,31,0.104377104377104,—,,—,,—,,—,,149,0.56015037593985,—,,—,,—,,—,,—,,—,,—,,—,,—,,—,,—,,—,,—,,—,,—,,—,,—,,—,,—,,—,,—,,—,,—,,—,,—,
    Performance Materials & Coatings,,51,1.10869565217391,44,0.360655737704918,31,0.344444444444444,176,0.592592592592593,—,,—,,—,,—,,41,0.154135338345865,—,,—,,—,,—,,—,,—,,—,,—,,—,,—,,—,,—,,—,,—,,—,,—,,—,,—,,—,,—,,—,,—,,—,,—,,—,
  Corporate,,-3,,-18,,-4,,-14,,-7,,—,,—,,—,,-9,,-13,,0,,—,,—,,—,,—,,—,,—,,—,,—,,—,,—,,—,,—,,—,,—,,—,,—,,—,,—,,—,,—,,—,,—,,—,
  Nutrition & Biosciences,,3,0.0652173913043478,6,0.0491803278688525,5,0.0555555555555556,5,0.0168350168350168,4,1.0,—,,—,,—,,3,0.0112781954887218,5,0.25,0,,—,,—,,—,,—,,—,,—,,—,,—,,—,,—,,—,,—,,—,,—,,—,,—,,—,,—,,—,,—,,—,,—,,—,
  Electronics & Imaging,,17,0.369565217391304,16,0.131147540983607,9,0.1,4,0.0134680134680135,0,,—,,—,,—,,7,0.0263157894736842,6,0.3,7,0.155555555555556,—,,—,,—,,—,,—,,—,,—,,—,,—,,—,,—,,—,,—,,—,,—,,—,,—,,—,,—,,—,,—,,—,,—,
  Agriculture,,-3,-0.0652173913043478,3,0.0245901639344262,-3,-0.0333333333333333,13,0.0437710437710438,—,,—,,—,,—,,-1,-0.0037593984962406,—,,—,,—,,—,,—,,—,,—,,—,,—,,—,,—,,—,,—,,—,,—,,—,,—,,—,,—,,—,,—,,—,,—,,—,,—,
Adjusted EBITDA,,3949,1.0,3958,1.0,3022,1.0,3185,1.0,1242,1.0,1222,1.0,1302,1.0,1403,1.0,1406,1.0,1422,1.0,1455,1.0,1622,1.0,1070,1.0,1017,1.0,1020,1.0,1037,1.0,907,1.0,695,1.0,906,1.0,931,1.0,803,1.0,780,1.0,817,1.0,752,1.0,818,1.0,829,1.0,856,1.0,758,1.0,714,1.0,738,1.0,775,1.0,715,1.0,682,1.0,798,1.0
  Electronics & Industrial,,—,,—,,—,,—,,—,,—,,—,,—,,—,,—,,—,,—,,382,0.374877330716389,329,0.339876033057851,396,0.419491525423729,347,0.409681227863046,327,0.363737486095662,336,0.515337423312883,421,0.470391061452514,384,0.416034669555796,436,0.551201011378002,424,0.54639175257732,475,0.573671497584541,423,0.565508021390374,476,0.582619339045288,480,0.579710144927536,473,0.553216374269006,407,0.530638852672751,362,0.512747875354108,349,0.486750348675035,383,0.514093959731544,378,0.546242774566474,374,0.559043348281016,419,0.549148099606815
  Water & Protection,,315,0.0760318609703114,306,0.0732232591529074,282,0.087932647333957,227,0.066823667942302,308,0.234398782343988,275,0.211864406779661,342,0.256564141035259,253,0.170830519918974,326,0.221768707482993,296,0.198125836680054,350,0.232558139534884,311,0.186899038461538,363,0.356231599607458,369,0.381198347107438,340,0.360169491525424,298,0.351829988193625,357,0.397107897664071,339,0.519938650306748,314,0.350837988826816,303,0.328277356446371,355,0.448798988621997,352,0.45360824742268,353,0.426328502415459,325,0.434491978609626,341,0.417380660954712,348,0.420289855072464,382,0.446783625730994,360,0.469361147327249,344,0.487252124645892,368,0.513249651324965,362,0.485906040268456,314,0.453757225433526,295,0.440956651718984,344,0.450851900393185
  Corporate and Other,,—,,—,,—,,—,,—,,—,,—,,—,,—,,—,,—,,—,,—,,—,,—,,—,,—,,—,,—,,—,,12,,4,,-11,,4,,1,,1,,1,,-9,,8,,21,,30,,23,,13,,35,
  Corporate,,—,,—,,—,,—,,—,,—,,—,,—,,—,,—,,—,,—,,51,,49,,76,,190,,8,,43,,11,,8,,—,,—,,—,,—,,—,,—,,—,,—,,—,,—,,—,,—,,—,,—,
  Mobility & Materials,,—,,—,,—,,—,,—,,—,,—,,—,,—,,—,,—,,—,,274,0.268891069676153,270,0.278925619834711,208,0.220338983050847,202,0.238488783943329,215,0.239154616240267,-23,-0.0352760736196319,160,0.17877094972067,236,0.255687973997833,—,,—,,—,,—,,—,,—,,—,,—,,—,,—,,—,,—,,—,,—,
  Non-Core,,—,,—,,—,,—,,164,0.124809741248097,125,0.0963020030816641,78,0.0585146286571643,294,0.198514517218096,110,0.0748299319727891,123,0.0823293172690763,86,0.0571428571428571,358,0.215144230769231,—,,—,,—,,—,,—,,—,,—,,—,,—,,—,,—,,—,,—,,—,,—,,—,,—,,—,,—,,—,,—,,—,
  Transportation & Industrial,,217,0.0523775042239923,249,0.0595836324479541,303,0.0944808231992516,276,0.0812481601413012,309,0.235159817351598,283,0.218027734976888,314,0.235558889722431,329,0.222147197839298,389,0.264625850340136,402,0.269076305220884,383,0.254485049833887,344,0.206730769230769,—,,—,,—,,—,,—,,—,,—,,—,,—,,—,,—,,—,,—,,—,,—,,—,,—,,—,,—,,—,,—,,—,
  Corporate & Other,,-194,,-221,,-185,,-212,,-72,,-76,,-31,,-78,,-64,,-72,,-50,,-42,,—,,—,,—,,—,,—,,—,,—,,—,,—,,—,,—,,—,,—,,—,,—,,—,,—,,—,,—,,—,,—,,—,
  Nutrition & Biosciences,,303,0.0731354091238233,294,0.0703517587939698,321,0.100093545369504,309,0.0909626140712393,288,0.219178082191781,284,0.218798151001541,282,0.211552888222056,308,0.207967589466577,368,0.250340136054422,383,0.256358768406961,364,0.241860465116279,330,0.198317307692308,—,,—,,—,,—,,—,,—,,—,,—,,—,,—,,—,,—,,—,,—,,—,,—,,—,,—,,—,,—,,—,,—,
  Electronics & Imaging,,229,0.0552739560704803,272,0.065087341469251,341,0.106329903336451,331,0.0974389166911981,245,0.186453576864536,331,0.255007704160247,317,0.237809452363091,297,0.200540175557056,277,0.18843537414966,290,0.194109772423025,322,0.213953488372093,321,0.192908653846154,—,,—,,—,,—,,—,,—,,—,,—,,—,,—,,—,,—,,—,,—,,—,,—,,—,,—,,—,,—,,—,,—,
  Packaging & Specialty Plastics,,1105,0.266714940864108,1365,0.326633165829146,1386,0.432179607109448,1273,0.374742419782161,—,,—,,—,,—,,—,,—,,—,,—,,—,,—,,—,,—,,—,,—,,—,,—,,—,,—,,—,,—,,—,,—,,—,,—,,—,,—,,—,,—,,—,,—,
  Industrial Intermediates & Infrastructure,,414,0.0999275887038378,368,0.0880593443407514,401,0.125038977237293,489,0.143950544598175,—,,—,,—,,—,,—,,—,,—,,—,,—,,—,,—,,—,,—,,—,,—,,—,,—,,—,,—,,—,,—,,—,,—,,—,,—,,—,,—,,—,,—,,—,
  Performance Materials & Coatings,,168,0.0405503258508327,323,0.0772912179947356,345,0.107577174929841,392,0.115395937591993,—,,—,,—,,—,,—,,—,,—,,—,,—,,—,,—,,—,,—,,—,,—,,—,,—,,—,,—,,—,,—,,—,,—,,—,,—,,—,,—,,—,,—,,—,
  Agriculture,,1392,0.335988414192614,1002,0.239770279971285,-172,-0.0536326785157468,100,0.0294377391816309,—,,—,,—,,—,,—,,—,,—,,—,,—,,—,,—,,—,,—,,—,,—,,—,,—,,—,,—,,—,,—,,—,,—,,—,,—,,—,,—,,—,,—,,—,
Goodwill,,—,,—,,—,,15272,1.0,—,,—,,—,,59527,1.0,35472,1.0,—,,—,,34496,1.0,6679,1.0,6692,1.0,—,,6711,1.0,32317,1.0,—,,—,,18702,1.0,16322,1.0,15325,1.0,16472,1.0,15427,1.0,16878,1.0,16610,1.0,16302,1.0,16663,1.0,16703,1.0,16643,1.0,17251,1.0,16720,1.0,16613,1.0,16558,1.0
  Electronics & Industrial,,—,,—,,—,,—,,—,,—,,—,,—,,—,,—,,—,,—,,—,,—,,—,,—,,—,,—,,—,,8458,0.45225109613945,9583,0.587121676265164,8416,0.549168026101142,9611,0.583474987858184,8458,0.548259544953653,9545,0.586158192090395,9408,0.587229261594158,9246,0.588130526047961,9397,0.5853734504454,9418,0.585259756400696,9355,0.583593262632564,10036,0.603016283122033,10205,0.633654144675567,10161,0.634983127109111,10133,0.635377476799599
  Water & Protection,,—,,—,,—,,1183,0.0774620220010477,—,,—,,—,,6595,0.110790061652695,6719,0.18941700496166,—,,—,,6698,0.194167439703154,6679,1.0,6692,1.0,—,,6711,1.0,6756,0.209054058235604,—,,—,,6969,0.372633942893808,6739,0.412878323734836,6909,0.450831973898858,6861,0.416525012141816,6969,0.451740455046347,6739,0.413841807909605,6613,0.412770738405842,6475,0.411869473952039,6656,0.4146265495546,6674,0.414740243599304,6675,0.416406737367436,6607,0.396983716877967,5900,0.366345855324433,5841,0.365016872890889,5815,0.364622523200401
  Corporate and Other,,—,,—,,—,,—,,—,,—,,—,,—,,—,,—,,—,,—,,—,,—,,—,,—,,—,,—,,—,,—,,—,,—,,—,,—,,594,,589,,581,,610,,611,,613,,608,,615,,611,,610,
  Corporate,,—,,—,,—,,—,,—,,—,,—,,—,,—,,—,,—,,—,,—,,—,,—,,—,,—,,—,,—,,0,,—,,—,,—,,—,,—,,—,,—,,—,,—,,—,,—,,—,,—,,—,
  Mobility & Materials,,—,,—,,—,,—,,—,,—,,—,,—,,—,,—,,—,,—,,—,,—,,—,,—,,—,,—,,—,,3275,0.175114960966742,—,,—,,—,,—,,—,,—,,—,,—,,—,,—,,—,,—,,—,,—,
  Non-Core,,—,,—,,—,,—,,—,,—,,—,,—,,—,,—,,—,,1609,0.0466430890538033,—,,—,,—,,—,,872,0.0269827026023455,—,,—,,—,,—,,—,,—,,—,,—,,—,,—,,—,,—,,—,,—,,—,,—,,—,
  Transportation & Industrial,,—,,—,,—,,601,0.0393530644316396,—,,—,,—,,6870,0.115409814033968,7009,0.197592467298151,—,,—,,6967,0.201965445269017,—,,—,,—,,—,,6906,0.213695578178668,—,,—,,—,,—,,—,,—,,—,,—,,—,,—,,—,,—,,—,,—,,—,,—,,—,
  Nutrition & Biosciences,,—,,—,,—,,340,0.0222629649030906,—,,—,,—,,13200,0.221748114301073,13508,0.380807397383852,—,,—,,12109,0.35102620593692,—,,—,,—,,—,,10901,0.337314725995606,—,,—,,—,,—,,—,,—,,—,,—,,—,,—,,—,,—,,—,,—,,—,,—,,—,
  Electronics & Imaging,,—,,—,,—,,4155,0.272066526977475,—,,—,,—,,8175,0.137332638970551,8236,0.232183130356337,—,,—,,7113,0.206197820037106,—,,—,,—,,—,,6882,0.212952934987777,—,,—,,—,,—,,—,,—,,—,,—,,—,,—,,—,,—,,—,,—,,—,,—,,—,
  Packaging & Specialty Plastics,,—,,—,,—,,1518,0.0993975903614458,—,,—,,—,,5044,0.0847346582223193,—,,—,,—,,—,,—,,—,,—,,—,,—,,—,,—,,—,,—,,—,,—,,—,,—,,—,,—,,—,,—,,—,,—,,—,,—,,—,
  Industrial Intermediates & Infrastructure,,—,,—,,—,,1085,0.0710450497642745,—,,—,,—,,1101,0.0184958086246577,—,,—,,—,,—,,—,,—,,—,,—,,—,,—,,—,,—,,—,,—,,—,,—,,—,,—,,—,,—,,—,,—,,—,,—,,—,,—,
  Performance Materials & Coatings,,—,,—,,—,,4918,0.322027239392352,—,,—,,—,,3669,0.0616358963159575,—,,—,,—,,—,,—,,—,,—,,—,,—,,—,,—,,—,,—,,—,,—,,—,,—,,—,,—,,—,,—,,—,,—,,—,,—,,—,
  Agriculture,,—,,—,,—,,1472,0.0963855421686747,—,,—,,—,,14873,0.249853007878778,—,,—,,—,,—,,—,,—,,—,,—,,—,,—,,—,,—,,—,,—,,—,,—,,—,,—,,—,,—,,—,,—,,—,,—,,—,,—,
Assets,,—,,—,,—,,79511,1.0,—,,—,,—,,—,,—,,—,,—,,188030,1.0,—,,—,,—,,—,,—,,—,,—,,49435,1.0,—,,—,,—,,37798,1.0,—,,—,,—,,40064,1.0,—,,—,,—,,38552,1.0,—,,—,
  Corporate and Other,,—,,—,,—,,—,,—,,—,,—,,—,,—,,—,,—,,—,,—,,—,,—,,—,,—,,—,,—,,—,,—,,—,,—,,5094,,—,,—,,—,,8123,,—,,—,,—,,6180,,—,,—,
  Corporate,,—,,—,,—,,—,,—,,—,,—,,—,,—,,—,,—,,—,,—,,—,,—,,—,,—,,—,,—,,10024,,—,,—,,—,,—,,—,,—,,—,,—,,—,,—,,—,,—,,—,,—,
  Mobility & Materials,,—,,—,,—,,—,,—,,—,,—,,—,,—,,—,,—,,—,,—,,—,,—,,—,,—,,—,,—,,9204,0.233538859709218,—,,—,,—,,—,,—,,—,,—,,—,,—,,—,,—,,—,,—,,—,
  Electronics & Industrial,,—,,—,,—,,—,,—,,—,,—,,—,,—,,—,,—,,—,,—,,—,,—,,—,,—,,—,,—,,15065,0.382253685519271,—,,—,,—,,17701,0.541248776908024,—,,—,,—,,17110,0.535675151059766,—,,—,,—,,18622,0.575250216236253,—,,—,
  Specialty Products,,—,,—,,—,,—,,—,,—,,—,,—,,—,,—,,—,,69390,0.41401653918211,—,,—,,—,,—,,—,,—,,—,,—,,—,,—,,—,,—,,—,,—,,—,,—,,—,,—,,—,,—,,—,,—,
    Transportation & Advanced Polymers,,—,,—,,—,,1807,0.027322900128525,—,,—,,—,,—,,—,,—,,—,,14837,0.0885251965966993,—,,—,,—,,—,,—,,—,,—,,—,,—,,—,,—,,—,,—,,—,,—,,—,,—,,—,,—,,—,,—,,—,
    Nutrition & Biosciences,,—,,—,,—,,1246,0.0188402510017389,—,,—,,—,,—,,—,,—,,—,,24359,0.145338361117409,—,,—,,—,,—,,—,,—,,—,,—,,—,,—,,—,,—,,—,,—,,—,,—,,—,,—,,—,,—,,—,,—,
    Electronics & Imaging,,—,,—,,—,,6932,0.104815906857186,—,,—,,—,,—,,—,,—,,—,,14947,0.0891815133470961,—,,—,,—,,—,,—,,—,,—,,—,,—,,—,,—,,—,,—,,—,,—,,—,,—,,—,,—,,—,,—,,—,
  Materials Science,,—,,—,,—,,—,,—,,—,,—,,—,,—,,—,,—,,54332,0.324172742568704,—,,—,,—,,—,,—,,—,,—,,—,,—,,—,,—,,—,,—,,—,,—,,—,,—,,—,,—,,—,,—,,—,
    Packaging & Specialty Plastics,,—,,—,,—,,17837,0.269705904589098,—,,—,,—,,—,,—,,—,,—,,27192,0.162241500698082,—,,—,,—,,—,,—,,—,,—,,—,,—,,—,,—,,—,,—,,—,,—,,—,,—,,—,,—,,—,,—,,—,
    Industrial Intermediates & Infrastructure,,—,,—,,—,,11649,0.176139714220912,—,,—,,—,,—,,—,,—,,—,,12932,0.0771589837830098,—,,—,,—,,—,,—,,—,,—,,—,,—,,—,,—,,—,,—,,—,,—,,—,,—,,—,,—,,—,,—,,—,
    Performance Materials & Coatings,,—,,—,,—,,16871,0.255099417857413,—,,—,,—,,—,,—,,—,,—,,14208,0.0847722580876123,—,,—,,—,,—,,—,,—,,—,,—,,—,,—,,—,,—,,—,,—,,—,,—,,—,,—,,—,,—,,—,,—,
  Corporate & Other,,—,,—,,—,,13376,,—,,—,,—,,—,,—,,—,,—,,20428,,—,,—,,—,,—,,—,,—,,—,,—,,—,,—,,—,,—,,—,,—,,—,,—,,—,,—,,—,,—,,—,,—,
  Water & Protection,,—,,—,,—,,2833,0.042836622060936,—,,—,,—,,—,,—,,—,,—,,15247,0.0909714681209055,—,,—,,—,,—,,—,,—,,—,,15142,0.38420745477151,—,,—,,—,,15003,0.458751223091977,—,,—,,—,,14831,0.464324848940234,—,,—,,—,,13750,0.424749783763746,—,,—,
  Agriculture,,—,,—,,—,,6960,0.105239283284191,—,,—,,—,,—,,—,,—,,—,,43880,0.261810718249186,—,,—,,—,,—,,—,,—,,—,,—,,—,,—,,—,,—,,—,,—,,—,,—,,—,,—,,—,,—,,—,,—,
Sales Change - Volume %,,—,,—,,—,,—,,—,,—,,—,,—,,—,,—,,—,,—,,—,,—,,—,,—,,—,,—,,—,,—,,—,,—,,—,,—,,—,,—,,—,,—,,—,,—,,—,,—,,—,,—,
  Electronics & Industrial,,—,,—,,—,,—,,—,,—,,—,,—,,—,,—,,—,,—,,—,,-5,,0,,2,,—,,7,,9,,10,,—,,17,,9,,9,,8,,6,,4,,-5,,-15,,-12,,-12,,-5,,-1,,10,
  Corporate and Other,,—,,—,,—,,—,,—,,—,,—,,—,,—,,—,,—,,—,,—,,—,,—,,—,,—,,—,,—,,—,,—,,—,,—,,—,,-6,,-3,,5,,5,,0,,9,,2,,-1,,3,,-4,
  Water & Protection,,—,,—,,—,,—,,—,,—,,—,,—,,—,,3,,2,,3,,—,,—,,—,,—,,—,,—,,—,,—,,—,,—,,—,,12,,0,,-3,,2,,0,,-2,,-4,,-9,,-15,,-10,,-4,
  Mobility & Materials,,—,,—,,—,,—,,—,,—,,—,,—,,—,,—,,—,,—,,—,,-12,,-11,,-6,,—,,-28,,-9,,3,,—,,—,,—,,—,,—,,—,,—,,—,,—,,—,,—,,—,,—,,—,
  Transportation & Industrial,,—,,—,,—,,—,,—,,—,,—,,—,,—,,6,,1,,-5,,—,,—,,—,,—,,—,,—,,—,,—,,—,,—,,—,,—,,—,,—,,—,,—,,—,,—,,—,,—,,—,,—,
  Nutrition & Biosciences,,—,,—,,—,,—,,—,,—,,—,,—,,—,,0,,0,,1,,—,,—,,—,,—,,—,,—,,—,,—,,—,,—,,—,,—,,—,,—,,—,,—,,—,,—,,—,,—,,—,,—,
  Electronics & Imaging,,—,,—,,—,,—,,—,,—,,—,,—,,—,,5,,2,,1,,—,,—,,—,,—,,—,,—,,—,,—,,—,,—,,—,,—,,—,,—,,—,,—,,—,,—,,—,,—,,—,,—,
  Packaging & Specialty Plastics,,—,,—,,—,,—,,—,,—,,—,,—,,—,,—,,7,,—,,—,,—,,—,,—,,—,,—,,—,,—,,—,,—,,—,,—,,—,,—,,—,,—,,—,,—,,—,,—,,—,,—,
  Industrial Intermediates & Infrastructure,,—,,—,,—,,—,,—,,—,,—,,—,,—,,—,,16,,—,,—,,—,,—,,—,,—,,—,,—,,—,,—,,—,,—,,—,,—,,—,,—,,—,,—,,—,,—,,—,,—,,—,
  Performance Materials & Coatings,,—,,—,,—,,—,,—,,—,,—,,—,,—,,—,,-1,,—,,—,,—,,—,,—,,—,,—,,—,,—,,—,,—,,—,,—,,—,,—,,—,,—,,—,,—,,—,,—,,—,,—,
  Agriculture,,—,,—,,—,,—,,—,,—,,—,,—,,—,,—,,-2,,—,,—,,—,,—,,—,,—,,—,,—,,—,,—,,—,,—,,—,,—,,—,,—,,—,,—,,—,,—,,—,,—,,—,
Sales Change - Prices %,,—,,—,,—,,—,,—,,—,,—,,—,,—,,—,,—,,—,,—,,—,,—,,—,,—,,—,,—,,—,,—,,—,,—,,—,,—,,—,,—,,—,,—,,—,,—,,—,,—,,—,
  Corporate and Other,,—,,—,,—,,—,,—,,—,,—,,—,,—,,—,,—,,—,,—,,—,,—,,—,,—,,—,,—,,—,,—,,—,,—,,—,,10,,12,,10,,7,,5,,0,,-1,,-3,,-2,,-1,
  Electronics & Industrial,,—,,—,,—,,—,,—,,—,,—,,—,,—,,—,,—,,—,,—,,0,,—,,1,,—,,0,,-1,,-2,,-1,,0,,0,,0,,1,,2,,3,,3,,2,,0,,-1,,-2,,-1,,-2,
  Water & Protection,,—,,—,,—,,—,,—,,—,,—,,—,,—,,1,,2,,3,,—,,—,,3,,—,,—,,—,,—,,—,,—,,—,,—,,5,,10,,12,,13,,12,,6,,5,,1,,0,,0,,-2,
  Mobility & Materials,,—,,—,,—,,—,,—,,—,,—,,—,,—,,—,,—,,—,,—,,5,,—,,-2,,—,,-5,,-5,,-4,,—,,—,,—,,—,,—,,—,,—,,—,,—,,—,,—,,—,,—,,—,
  Transportation & Industrial,,—,,—,,—,,—,,—,,—,,—,,—,,—,,0,,3,,8,,—,,—,,—,,—,,—,,—,,—,,—,,—,,—,,—,,—,,—,,—,,—,,—,,—,,—,,—,,—,,—,,—,
  Nutrition & Biosciences,,—,,—,,—,,—,,—,,—,,—,,—,,—,,3,,3,,0,,—,,—,,—,,—,,—,,—,,—,,—,,—,,—,,—,,—,,—,,—,,—,,—,,—,,—,,—,,—,,—,,—,
  Electronics & Imaging,,—,,—,,—,,—,,—,,—,,—,,—,,—,,-1,,0,,-2,,—,,—,,—,,—,,—,,—,,—,,—,,—,,—,,—,,—,,—,,—,,—,,—,,—,,—,,—,,—,,—,,—,
  Packaging & Specialty Plastics,,—,,—,,—,,—,,—,,—,,—,,—,,—,,—,,4,,—,,—,,—,,—,,—,,—,,—,,—,,—,,—,,—,,—,,—,,—,,—,,—,,—,,—,,—,,—,,—,,—,,—,
  Industrial Intermediates & Infrastructure,,—,,—,,—,,—,,—,,—,,—,,—,,—,,—,,8,,—,,—,,—,,—,,—,,—,,—,,—,,—,,—,,—,,—,,—,,—,,—,,—,,—,,—,,—,,—,,—,,—,,—,
  Performance Materials & Coatings,,—,,—,,—,,—,,—,,—,,—,,—,,—,,—,,11,,—,,—,,—,,—,,—,,—,,—,,—,,—,,—,,—,,—,,—,,—,,—,,—,,—,,—,,—,,—,,—,,—,,—,
  Agriculture,,—,,—,,—,,—,,—,,—,,—,,—,,—,,—,,2,,—,,—,,—,,—,,—,,—,,—,,—,,—,,—,,—,,—,,—,,—,,—,,—,,—,,—,,—,,—,,—,,—,,—,
Sales Change - Currencies %,,—,,—,,—,,—,,—,,—,,—,,—,,—,,—,,—,,—,,—,,—,,—,,—,,—,,—,,—,,—,,—,,—,,—,,—,,—,,—,,—,,—,,—,,—,,—,,—,,—,,—,
  Corporate and Other,,—,,—,,—,,—,,—,,—,,—,,—,,—,,—,,—,,—,,—,,—,,—,,—,,—,,—,,—,,—,,—,,—,,—,,—,,-2,,-2,,-4,,-4,,-3,,-1,,1,,2,,0,,-1,
  Water & Protection,,—,,—,,—,,—,,—,,—,,—,,—,,—,,3,,1,,-1,,—,,—,,—,,—,,—,,—,,—,,—,,—,,—,,—,,-1,,-2,,-3,,-5,,-6,,-3,,-1,,0,,0,,-1,,-1,
  Electronics & Industrial,,—,,—,,—,,—,,—,,—,,—,,—,,—,,—,,—,,—,,—,,-2,,0,,0,,—,,-1,,0,,2,,—,,2,,1,,0,,-2,,-3,,-4,,-5,,-2,,-1,,0,,0,,-1,,-2,
  Mobility & Materials,,—,,—,,—,,—,,—,,—,,—,,—,,—,,—,,—,,—,,—,,-3,,-1,,-1,,—,,-1,,0,,2,,—,,—,,—,,—,,—,,—,,—,,—,,—,,—,,—,,—,,—,,—,
  Transportation & Industrial,,—,,—,,—,,—,,—,,—,,—,,—,,—,,3,,2,,-1,,—,,—,,—,,—,,—,,—,,—,,—,,—,,—,,—,,—,,—,,—,,—,,—,,—,,—,,—,,—,,—,,—,
  Nutrition & Biosciences,,—,,—,,—,,—,,—,,—,,—,,—,,—,,3,,0,,-2,,—,,—,,—,,—,,—,,—,,—,,—,,—,,—,,—,,—,,—,,—,,—,,—,,—,,—,,—,,—,,—,,—,
  Electronics & Imaging,,—,,—,,—,,—,,—,,—,,—,,—,,—,,1,,1,,-1,,—,,—,,—,,—,,—,,—,,—,,—,,—,,—,,—,,—,,—,,—,,—,,—,,—,,—,,—,,—,,—,,—,
  Packaging & Specialty Plastics,,—,,—,,—,,—,,—,,—,,—,,—,,—,,—,,2,,—,,—,,—,,—,,—,,—,,—,,—,,—,,—,,—,,—,,—,,—,,—,,—,,—,,—,,—,,—,,—,,—,,—,
  Industrial Intermediates & Infrastructure,,—,,—,,—,,—,,—,,—,,—,,—,,—,,—,,2,,—,,—,,—,,—,,—,,—,,—,,—,,—,,—,,—,,—,,—,,—,,—,,—,,—,,—,,—,,—,,—,,—,,—,
  Performance Materials & Coatings,,—,,—,,—,,—,,—,,—,,—,,—,,—,,—,,2,,—,,—,,—,,—,,—,,—,,—,,—,,—,,—,,—,,—,,—,,—,,—,,—,,—,,—,,—,,—,,—,,—,,—,
  Agriculture,,—,,—,,—,,—,,—,,—,,—,,—,,—,,—,,0,,—,,—,,—,,—,,—,,—,,—,,—,,—,,—,,—,,—,,—,,—,,—,,—,,—,,—,,—,,—,,—,,—,,—,
Sales Change - Other %,,—,,—,,—,,—,,—,,—,,—,,—,,—,,—,,—,,—,,—,,—,,—,,—,,—,,—,,—,,—,,—,,—,,—,,—,,—,,—,,—,,—,,—,,—,,—,,—,,—,,—,
  Electronics & Industrial,,—,,—,,—,,—,,—,,—,,—,,—,,—,,—,,—,,—,,0,,0,,—,,0,,—,,-1,,-1,,-1,,0,,0,,11,,10,,11,,11,,0,,-1,,-1,,-1,,4,,8,,8,,9,
  Corporate and Other,,—,,—,,—,,—,,—,,—,,—,,—,,—,,—,,—,,—,,—,,—,,—,,—,,—,,—,,—,,—,,—,,—,,—,,—,,-23,,-27,,-30,,-35,,-14,,-11,,0,,0,,0,,0,
  Water & Protection,,—,,—,,—,,—,,—,,—,,—,,—,,—,,0,,135,,-1,,—,,—,,-4,,—,,—,,—,,—,,—,,—,,—,,—,,0,,0,,0,,0,,0,,0,,0,,0,,0,,0,,0,
  Mobility & Materials,,—,,—,,—,,—,,—,,—,,—,,—,,—,,—,,—,,—,,0,,0,,—,,0,,—,,0,,0,,0,,—,,—,,—,,—,,—,,—,,—,,—,,—,,—,,—,,—,,—,,—,
  Transportation & Industrial,,—,,—,,—,,—,,—,,—,,—,,—,,—,,0,,245,,0,,—,,—,,—,,—,,—,,—,,—,,—,,—,,—,,—,,—,,—,,—,,—,,—,,—,,—,,—,,—,,—,,—,
  Nutrition & Biosciences,,—,,—,,—,,—,,—,,—,,—,,—,,—,,11,,327,,4,,—,,—,,—,,—,,—,,—,,—,,—,,—,,—,,—,,—,,—,,—,,—,,—,,—,,—,,—,,—,,—,,—,
  Electronics & Imaging,,—,,—,,—,,—,,—,,—,,—,,—,,—,,-5,,61,,0,,—,,—,,—,,—,,—,,—,,—,,—,,—,,—,,—,,—,,—,,—,,—,,—,,—,,—,,—,,—,,—,,—,
  Packaging & Specialty Plastics,,—,,—,,—,,—,,—,,—,,—,,—,,—,,—,,6,,—,,—,,—,,—,,—,,—,,—,,—,,—,,—,,—,,—,,—,,—,,—,,—,,—,,—,,—,,—,,—,,—,,—,
  Industrial Intermediates & Infrastructure,,—,,—,,—,,—,,—,,—,,—,,—,,—,,—,,0,,—,,—,,—,,—,,—,,—,,—,,—,,—,,—,,—,,—,,—,,—,,—,,—,,—,,—,,—,,—,,—,,—,,—,
  Performance Materials & Coatings,,—,,—,,—,,—,,—,,—,,—,,—,,—,,—,,0,,—,,—,,—,,—,,—,,—,,—,,—,,—,,—,,—,,—,,—,,—,,—,,—,,—,,—,,—,,—,,—,,—,,—,
  Agriculture,,—,,—,,—,,—,,—,,—,,—,,—,,—,,—,,143,,—,,—,,—,,—,,—,,—,,—,,—,,—,,—,,—,,—,,—,,—,,—,,—,,—,,—,,—,,—,,—,,—,,—,
Short Term Debt,,—,,—,,—,,—,,—,,—,,—,,13554,1.0,—,,—,,—,,2165,1.0,—,,—,,—,,—,,—,,—,,—,,—,,—,,—,,—,,—,,—,,—,,—,,—,,—,,—,,—,,—,,—,,—,
  DowDuPont,,—,,—,,—,,—,,—,,—,,—,,—,,—,,—,,—,,0,,—,,—,,—,,—,,—,,—,,—,,—,,—,,—,,—,,—,,—,,—,,—,,—,,—,,—,,—,,—,,—,,—,
  Dow,,—,,—,,—,,—,,—,,—,,—,,484,0.0357090157886971,—,,—,,—,,302,0.139491916859122,—,,—,,—,,—,,—,,—,,—,,—,,—,,—,,—,,—,,—,,—,,—,,—,,—,,—,,—,,—,,—,,—,
  DuPont,,—,,—,,—,,—,,—,,—,,—,,13070,0.964290984211303,—,,—,,—,,1863,0.860508083140878,—,,—,,—,,—,,—,,—,,—,,—,,—,,—,,—,,—,,—,,—,,—,,—,,—,,—,,—,,—,,—,,—,
Current Portion of Long Term Debt,,—,,—,,—,,—,,—,,—,,—,,2067,1.0,2707,1.0,4606,1.0,—,,637,1.0,—,,—,,—,,—,,—,,—,,—,,—,,—,,—,,—,,—,,—,,—,,—,,—,,—,,—,,—,,—,,—,,—,
  Dow,,—,,—,,—,,—,,—,,—,,—,,752,0.36381228834059,920,0.339859623199113,2837,0.615935735996526,—,,340,0.533751962323391,—,,—,,—,,—,,—,,—,,—,,—,,—,,—,,—,,—,,—,,—,,—,,—,,—,,—,,—,,—,,—,,—,
  DuPont,,—,,—,,—,,—,,—,,—,,—,,1315,0.63618771165941,1787,0.660140376800886,1769,0.384064264003474,—,,297,0.466248037676609,—,,—,,—,,—,,—,,—,,—,,—,,—,,—,,—,,—,,—,,—,,—,,—,,—,,—,,—,,—,,—,,—,
Long Term Debt,,—,,—,,—,,—,,—,,—,,—,,30056,1.0,29343,1.0,26850,1.0,—,,37662,1.0,—,,—,,—,,—,,—,,—,,—,,—,,—,,—,,—,,—,,—,,—,,—,,—,,—,,—,,—,,—,,—,,—,
  DowDuPont,,—,,—,,—,,—,,—,,—,,—,,—,,—,,—,,—,,12596,0.334448515745314,—,,—,,—,,—,,—,,—,,—,,—,,—,,—,,—,,—,,—,,—,,—,,—,,—,,—,,—,,—,,—,,—,
  Dow,,—,,—,,—,,—,,—,,—,,—,,19765,0.657605802501996,19596,0.667825375728453,17122,0.637690875232775,—,,19254,0.511231480006372,—,,—,,—,,—,,—,,—,,—,,—,,—,,—,,—,,—,,—,,—,,—,,—,,—,,—,,—,,—,,—,,—,
  DuPont,,—,,—,,—,,—,,—,,—,,—,,10291,0.342394197498004,9747,0.332174624271547,9728,0.362309124767225,—,,5812,0.154320004248314,—,,—,,—,,—,,—,,—,,—,,—,,—,,—,,—,,—,,—,,—,,—,,—,,—,,—,,—,,—,,—,,—,
Debt,,—,,—,,—,,—,,—,,—,,—,,34071,1.0,—,,—,,—,,40464,1.0,—,,—,,—,,—,,—,,—,,—,,—,,—,,—,,—,,—,,—,,—,,—,,—,,—,,—,,—,,—,,—,,—,
  DowDuPont,,—,,—,,—,,—,,—,,—,,—,,—,,—,,—,,—,,12596,0.311289047054172,—,,—,,—,,—,,—,,—,,—,,—,,—,,—,,—,,—,,—,,—,,—,,—,,—,,—,,—,,—,,—,,—,
  Dow,,—,,—,,—,,—,,—,,—,,—,,21001,0.616389304687271,—,,—,,—,,19896,0.491696322657177,—,,—,,—,,—,,—,,—,,—,,—,,—,,—,,—,,—,,—,,—,,—,,—,,—,,—,,—,,—,,—,,—,
  DuPont,,—,,—,,—,,—,,—,,—,,—,,13070,0.383610695312729,—,,—,,—,,7972,0.197014630288652,—,,—,,—,,—,,—,,—,,—,,—,,—,,—,,—,,—,,—,,—,,—,,—,,—,,—,,—,,—,,—,,—,
Depreciation and Amortization,,—,,—,,—,,—,,490,1.0,498,1.0,508,1.0,570,1.0,519,1.0,551,1.0,—,,—,,—,,—,,—,,—,,—,,349,1.0,345,1.0,—,,255,1.0,262,1.0,300,1.0,295,1.0,297,1.0,281,1.0,283,1.0,274,1.0,—,,282,1.0,294,1.0,294,1.0,—,,—,
  Corporate and Other,,—,,—,,—,,—,,—,,—,,—,,—,,—,,—,,—,,—,,—,,—,,—,,—,,—,,—,,—,,—,,20,,20,,22,,21,,25,,15,,12,,9,,—,,8,,9,,8,,—,,—,
  Corporate,,—,,—,,—,,—,,—,,—,,—,,—,,—,,—,,—,,—,,—,,—,,—,,—,,—,,12,,14,,—,,—,,—,,—,,—,,—,,—,,—,,—,,—,,—,,—,,—,,—,,—,
  Mobility & Materials,,—,,—,,—,,—,,—,,—,,—,,—,,—,,—,,—,,—,,—,,—,,—,,—,,—,,104,0.308605341246291,105,0.317220543806647,—,,—,,—,,—,,—,,—,,—,,—,,—,,—,,—,,—,,—,,—,,—,
  Electronics & Industrial,,—,,—,,—,,—,,—,,—,,—,,—,,—,,—,,—,,—,,—,,—,,—,,—,,—,,104,0.308605341246291,101,0.305135951661631,—,,111,0.472340425531915,115,0.475206611570248,145,0.52158273381295,147,0.536496350364963,148,0.544117647058823,145,0.545112781954887,146,0.538745387453875,141,0.532075471698113,—,,146,0.532846715328467,157,0.550877192982456,159,0.555944055944056,—,,—,
  Non-Core,,—,,—,,—,,—,,—,,—,,32,0.0622568093385214,35,0.0642201834862385,—,,31,0.0564663023679417,—,,—,,—,,—,,—,,—,,—,,—,,—,,—,,—,,—,,—,,—,,—,,—,,—,,—,,—,,—,,—,,—,,—,,—,
  Transportation & Industrial,,—,,—,,—,,—,,114,0.23265306122449,114,0.231707317073171,115,0.223735408560311,113,0.207339449541284,114,0.218809980806142,113,0.205828779599271,—,,—,,—,,—,,—,,—,,—,,—,,—,,—,,—,,—,,—,,—,,—,,—,,—,,—,,—,,—,,—,,—,,—,,—,
  Corporate & Other,,—,,—,,—,,—,,0,,6,,-6,,25,,-2,,2,,—,,—,,—,,—,,—,,—,,—,,—,,—,,—,,—,,—,,—,,—,,—,,—,,—,,—,,—,,—,,—,,—,,—,,—,
  Water & Protection,,—,,—,,—,,—,,142,0.289795918367347,143,0.290650406504065,136,0.264591439688716,141,0.258715596330275,139,0.26679462571977,140,0.255009107468124,—,,—,,—,,—,,—,,—,,—,,129,0.382789317507418,125,0.377643504531722,—,,124,0.527659574468085,127,0.524793388429752,133,0.47841726618705,127,0.463503649635036,124,0.455882352941176,121,0.454887218045113,125,0.461254612546125,124,0.467924528301887,—,,128,0.467153284671533,128,0.449122807017544,127,0.444055944055944,—,,—,
  Nutrition & Biosciences,,—,,—,,—,,—,,135,0.275510204081633,136,0.276422764227642,135,0.262645914396887,156,0.286238532110092,166,0.318618042226488,165,0.300546448087432,—,,—,,—,,—,,—,,—,,—,,—,,—,,—,,—,,—,,—,,—,,—,,—,,—,,—,,—,,—,,—,,—,,—,,—,
  Electronics & Imaging,,—,,—,,—,,—,,99,0.202040816326531,99,0.201219512195122,96,0.186770428015564,100,0.18348623853211,102,0.195777351247601,100,0.182149362477231,—,,—,,—,,—,,—,,—,,—,,—,,—,,—,,—,,—,,—,,—,,—,,—,,—,,—,,—,,—,,—,,—,,—,,—,
Capital Expenditures,,—,,—,,—,,—,,—,,—,,—,,-551,,—,,—,,—,,—,,—,,—,,—,,—,,—,,—,,—,,—,,—,,—,,—,,—,,—,,—,,—,,—,,—,,—,,—,,—,,—,,—,
  Non-Core,,—,,—,,—,,—,,—,,—,,—,,-32,0.058076225045372,—,,—,,—,,—,,—,,—,,—,,—,,—,,—,,—,,—,,—,,—,,—,,—,,—,,—,,—,,—,,—,,—,,—,,—,,—,,—,
  Transportation & Industrial,,—,,—,,—,,—,,—,,—,,—,,-78,0.141560798548094,—,,—,,—,,—,,—,,—,,—,,—,,—,,—,,—,,—,,—,,—,,—,,—,,—,,—,,—,,—,,—,,—,,—,,—,,—,,—,
  Corporate & Other,,—,,—,,—,,—,,—,,—,,—,,0,,—,,—,,—,,—,,—,,—,,—,,—,,—,,—,,—,,—,,—,,—,,—,,—,,—,,—,,—,,—,,—,,—,,—,,—,,—,,—,
  Safety & Construction,,—,,—,,—,,—,,—,,—,,—,,-184,0.333938294010889,—,,—,,—,,—,,—,,—,,—,,—,,—,,—,,—,,—,,—,,—,,—,,—,,—,,—,,—,,—,,—,,—,,—,,—,,—,,—,
  Nutrition & Biosciences,,—,,—,,—,,—,,—,,—,,—,,-156,0.283121597096189,—,,—,,—,,—,,—,,—,,—,,—,,—,,—,,—,,—,,—,,—,,—,,—,,—,,—,,—,,—,,—,,—,,—,,—,,—,,—,
  Electronics & Imaging,,—,,—,,—,,—,,—,,—,,—,,-101,0.183303085299456,—,,—,,—,,—,,—,,—,,—,,—,,—,,—,,—,,—,,—,,—,,—,,—,,—,,—,,—,,—,,—,,—,,—,,—,,—,,—,
Source: Bloomberg,,,,,,,,,,,,,,,,,,,,,,,,,,,,,,,,,,,,,,,,,,,,,,,,,,,,,,,,,,,,,,,,,,,,,
