Unnamed: 0,Unnamed: 1,Unnamed: 2,Unnamed: 3,Unnamed: 4,Unnamed: 5,Unnamed: 6,Unnamed: 7,Unnamed: 8,Unnamed: 9,Unnamed: 10,Unnamed: 11,Unnamed: 12,Unnamed: 13,Unnamed: 14,Unnamed: 15,Unnamed: 16,Unnamed: 17,Unnamed: 18,Unnamed: 19,Unnamed: 20,Unnamed: 21,Unnamed: 22,Unnamed: 23,Unnamed: 24,Unnamed: 25,Unnamed: 26,Unnamed: 27,Unnamed: 28,Unnamed: 29,Unnamed: 30,Unnamed: 31,Unnamed: 32,Unnamed: 33,Unnamed: 34,Unnamed: 35,Unnamed: 36,Unnamed: 37,Unnamed: 38,Unnamed: 39,Unnamed: 40,Unnamed: 41,Unnamed: 42,Unnamed: 43,Unnamed: 44,Unnamed: 45,Unnamed: 46,Unnamed: 47,Unnamed: 48,Unnamed: 49,Unnamed: 50,Unnamed: 51,Unnamed: 52,Unnamed: 53,Unnamed: 54,Unnamed: 55,Unnamed: 56,Unnamed: 57,Unnamed: 58,Unnamed: 59,Unnamed: 60,Unnamed: 61,Unnamed: 62,Unnamed: 63,Unnamed: 64,Unnamed: 65,Unnamed: 66,Unnamed: 67,Unnamed: 68,Unnamed: 69,Unnamed: 70,Unnamed: 71,Unnamed: 72,Unnamed: 73,Unnamed: 74,Unnamed: 75,Unnamed: 76,Unnamed: 77,Unnamed: 78,Unnamed: 79,Unnamed: 80,Unnamed: 81
Procter & Gamble Co/The (PG US) - By Measure,,,,,,,,,,,,,,,,,,,,,,,,,,,,,,,,,,,,,,,,,,,,,,,,,,,,,,,,,,,,,,,,,,,,,,,,,,,,,,,,,
,,,,,,,,,,,,,,,,,,,,,,,,,,,,,,,,,,,,,,,,,,,,,,,,,,,,,,,,,,,,,,,,,,,,,,,,,,,,,,,,,
In Millions of USD except Per Share,,Q2 2005,,Q3 2005,,Q4 2005,,Q1 2006,,Q2 2006,,Q3 2006,,Q4 2006,,Q1 2007,,Q2 2007,,Q3 2007,,Q4 2007,,Q1 2008,,Q2 2008,,Q3 2008,,Q4 2008,,Q1 2009,,Q2 2009,,Q3 2009,,Q4 2009,,Q1 2010,,Q2 2010,,Q3 2010,,Q4 2010,,Q1 2011,,Q2 2011,,Q3 2011,,Q4 2011,,Q1 2012,,Q2 2012,,Q3 2012,,Q4 2012,,Q1 2013,,Q2 2013,,Q3 2013,,Q4 2013,,Q1 2014,,Q2 2014,,Q3 2014,,Q4 2014,,Q1 2015,
3 Months Ending,,12/31/2004,,03/31/2005,,06/30/2005,,09/30/2005,,12/31/2005,,03/31/2006,,06/30/2006,,09/30/2006,,12/31/2006,,03/31/2007,,06/30/2007,,09/30/2007,,12/31/2007,,03/31/2008,,06/30/2008,,09/30/2008,,12/31/2008,,03/31/2009,,06/30/2009,,09/30/2009,,12/31/2009,,03/31/2010,,06/30/2010,,09/30/2010,,12/31/2010,,03/31/2011,,06/30/2011,,09/30/2011,,12/31/2011,,03/31/2012,,06/30/2012,,09/30/2012,,12/31/2012,,03/31/2013,,06/30/2013,,09/30/2013,,12/31/2013,,03/31/2014,,06/30/2014,,09/30/2014,
Revenue,,14452,1.0,14287,1.0,14258,1.0,14793,1.0,18337,1.0,17250,1.0,17842,1.0,18785,1.0,19725,1.0,18694,1.0,19272,1.0,20199,1.0,21038,1.0,20026,1.0,20885,1.0,20983,1.0,19763,1.0,17864,1.0,18662,1.0,19807,1.0,21027,1.0,19178,1.0,18926,1.0,20122,1.0,21347,1.0,19893,1.0,20860,1.0,21530,1.0,21744,1.0,20194,1.0,20212,1.0,20739,1.0,22175,1.0,20598,1.0,20655,1.0,20830,1.0,21099,1.0,19641,1.0,19596,1.0,20792,1.0
  Fabric & Home Care,,3784,0.257888638996797,3819,0.263197794624397,3849,0.265833275778714,4350,0.290154749199573,4225,0.228563700297539,4221,0.242043695166007,4353,0.241981210739897,4752,0.249855407750145,4682,0.235016564601948,4738,0.249657498155759,4799,0.245850409836066,5904,0.286323957322987,6040,0.283807912790151,5730,0.280483626217632,6094,0.281868640148011,6483,0.302463375944761,5797,0.2910140562249,5381,0.295091856320263,5725,0.302717851099831,6130,0.302985369711348,6311,0.295652581279865,5812,0.297837450035872,5552,0.289181728215011,6297,0.307635937270995,6308,0.291658960606621,5751,0.283901861085057,6144,0.290867774463855,7071,0.322523262178435,7037,0.320782240051055,6595,0.320581372739646,6551,0.321253432718713,6503,0.309372026641294,7223,0.323408256469956,6587,0.31619623655914,6737,0.322715079517149,6666,0.322558792219104,6022,0.288133971291866,6340,0.30616186980877,5702,0.293629950048921,6538,0.316319125260051
"  Baby , Feminine & Family Care",,—,,—,,—,,—,,—,,—,,—,,—,,—,,—,,—,,—,,—,,—,,—,,—,,—,,—,,—,,—,,—,,—,,—,,—,,—,,—,,—,,—,,—,,—,,4099,0.201010200078462,5248,0.249666983824929,4322,0.193516611444435,4277,0.205309139784946,4192,0.200804751868174,5247,0.25389528694474,5323,0.254688995215311,5453,0.263328182344987,5203,0.267933467222823,5322,0.257487057912816
  Beauty,,—,,—,,4930,0.340493127978452,5042,0.336312700106724,5427,0.293589396808223,5214,0.298985033545501,5443,0.302573795097004,5603,0.2946001367054,5884,0.295351872301978,5620,0.296132363789651,5874,0.300922131147541,4599,0.223035887487876,5137,0.241377690066723,4743,0.23216995447648,5036,0.232932469935245,5181,0.24171876457964,4898,0.245883534136546,4371,0.23970386619139,4552,0.240693739424704,4921,0.243228548833531,5217,0.244401761454137,4623,0.236906836117659,4730,0.246366998281161,4929,0.240803165762861,5290,0.244590345847975,4870,0.24041072221948,5068,0.239928040524547,5315,0.242428388980113,5353,0.244016957651456,4844,0.235465681508847,4731,0.232002746174971,4940,0.235014272121789,5403,0.241918151696964,4763,0.228638632872504,4850,0.232324200038322,4903,0.23724958869641,5284,0.252822966507177,4691,0.226530809349044,4629,0.238374787579175,4857,0.234989597948619
  Health Care,,2043,0.139235330198323,2000,0.137835975189524,1899,0.131155466537744,1686,0.112459978655283,2204,0.119231809575331,1995,0.114398761396869,1967,0.109344599477458,2227,0.117093432882907,2355,0.11821102298966,2189,0.115344082621983,2193,0.11234631147541,3559,0.172599418040737,3772,0.17723898129875,3651,0.178716530422439,—,,3101,0.14467668190725,2930,0.147088353413655,2672,0.146531395667672,2785,0.147260998307953,2979,0.147241992882562,3071,0.143867703551017,2805,0.143742953776776,2638,0.137402989739049,2984,0.145781425570375,3138,0.145089698538931,2962,0.146221059386879,2949,0.13961085073143,3291,0.150109469074986,3183,0.145097324155536,3018,0.14670425821505,2929,0.143634758728913,2322,0.1104662226451,3267,0.146279215545805,3274,0.157162058371736,3116,0.149262310787507,1894,0.0916481176812155,2153,0.103014354066986,2361,0.114013907668534,1813,0.093362171069571,2011,0.0972954666408631
  Grooming,,—,,—,,—,,—,,—,,—,,—,,—,,—,,—,,—,,2015,0.0977206595538312,2161,0.101541208533033,1977,0.0967741935483871,2101,0.0971785383903793,2090,0.0975086311467761,2038,0.102309236947791,1591,0.0872497943515218,1689,0.0893083756345178,1858,0.0918347172795571,2095,0.0981448514944252,1759,0.0901404120118889,1919,0.0999531225584666,1898,0.0927255850310225,2164,0.100055483632328,1907,0.0941402971812213,2056,0.097334658902618,2168,0.0988870644043058,2202,0.100378356201851,1962,0.0953723507680342,2082,0.102098862298941,2007,0.0954804947668887,2119,0.0948777648428405,1931,0.0926939324116744,1981,0.0948936577888484,1956,0.0946482144585309,2118,0.10133971291866,1863,0.0899652308286653,2072,0.10669962407951,1941,0.0939087522376506
  Corporate,,-221,,-223,,-221,,-199,,-148,,-189,,-147,,-234,,-197,,-284,,-248,,-421,,-244,,-403,,-354,,-451,,-157,,-371,,-250,,-425,,-319,,-336,,-273,,-347,,-281,,-364,,-263,,-394,,-193,,-378,,-180,,-281,,-159,,-234,,-221,,164,,199,,-149,,177,,123,
  Gillette,,0,,0,,0,,0,,2432,0.131566134703814,1950,0.111818338207466,2041,0.11345822447051,2275,0.119617224880383,2629,0.131964662182512,2073,0.109231742017072,2283,0.116956967213115,—,,—,,—,,—,,—,,—,,—,,—,,—,,—,,—,,—,,—,,—,,—,,—,,—,,—,,—,,—,,—,,—,,—,,—,,—,,—,,—,,—,,—,
    Blades & Razors,,0,,0,,0,,0,,1153,0.0623748985664052,1187,0.0680658294626986,1159,0.0644282617154928,1299,0.0683001209316999,1282,0.0643509687782351,1284,0.0676572873853936,1364,0.0698770491803279,—,,—,,—,,—,,—,,—,,—,,—,,—,,—,,—,,—,,—,,—,,—,,—,,—,,—,,—,,—,,—,,—,,—,,—,,—,,—,,—,,—,,—,
    Duracell & Braun,,0,,0,,0,,0,,1279,0.0691912361374087,763,0.0437525087447675,882,0.0490299627550169,976,0.0513171039486829,1347,0.0676136934042767,789,0.0415744546316788,919,0.0470799180327869,—,,—,,—,,—,,—,,—,,—,,—,,—,,—,,—,,—,,—,,—,,—,,—,,—,,—,,—,,—,,—,,—,,—,,—,,—,,—,,—,,—,,—,
  Beauty and Health,,—,,—,,6829,0.471648594516196,6728,0.448772678762006,7631,0.412821206383554,7209,0.413383794942371,7410,0.411918394574462,7830,0.411693569588306,8239,0.413562895291637,7809,0.411476446411634,8067,0.413268442622951,—,,—,,—,,—,,—,,—,,—,,—,,—,,—,,—,,—,,—,,—,,—,,—,,—,,—,,—,,—,,—,,—,,—,,—,,—,,—,,—,,—,,—,
  P&G Family Health,,5021,0.342193143869693,5048,0.34789800137836,—,,—,,—,,—,,—,,—,,—,,—,,—,,—,,—,,—,,—,,—,,—,,—,,—,,—,,—,,—,,—,,—,,—,,—,,—,,—,,—,,—,,—,,—,,—,,—,,—,,—,,—,,—,,—,,—,
  P&G Household Care,,4630,0.315545559871873,4586,0.31605789110958,7650,0.528351405483804,8264,0.551227321237994,8422,0.455612658912632,8280,0.474797866850163,8538,0.474623380955028,8914,0.468689205531311,9054,0.454472442525851,9096,0.479291811571293,9170,0.469774590163934,9324,0.452182347235694,9414,0.442345644206372,9261,0.453326153996769,9667,0.447132284921369,10255,0.478445460483344,9263,0.465010040160643,8837,0.484617493830546,—,,9719,0.480377619612495,10128,0.474468284456104,—,,—,,—,,—,,—,,—,,—,,—,,—,,—,,—,,—,,—,,—,,—,,—,,—,,—,,—,
    Snacks & Coffee,,846,0.0576569208750767,767,0.0528600964851826,—,,—,,—,,—,,—,,—,,—,,—,,—,,—,,—,,—,,—,,—,,—,,—,,—,,—,,—,,—,,—,,—,,—,,—,,—,,—,,—,,—,,—,,—,,—,,—,,—,,—,,—,,—,,—,,—,
"    Pet Health, Snacks & Coffee",,—,,—,,787,0.0543545824987914,968,0.0645677694770544,1218,0.0658912631863673,1087,0.0623315557084695,1110,0.0617043748957696,1063,0.0558914769441085,1253,0.0628952916373858,1090,0.0574349246495943,1131,0.0579405737704918,—,,—,,—,,—,,—,,—,,—,,—,,—,,—,,—,,—,,—,,—,,—,,—,,—,,—,,—,,—,,—,,—,,—,,—,,—,,—,,—,,—,,—,
"  Snacks, Coffee and Pet Care",,—,,—,,—,,—,,—,,—,,—,,—,,—,,—,,—,,1123,0.0544616876818623,798,0.0374964758951226,797,0.0390131675559254,1220,0.0564292321924144,807,0.0376504618829896,791,0.0397088353413655,764,0.0418974499588703,752,0.0397631133671743,755,0.0373171213918545,835,0.0391173990443174,747,0.03828020908066,798,0.041564664826293,709,0.0346377448825053,798,0.036896615498428,799,0.0394431554524362,850,0.0402404961416465,—,,—,,—,,—,,—,,—,,—,,—,,—,,—,,—,,—,,—,
  P&G Beauty,,5022,0.342261296258434,4876,0.336044107512061,—,,—,,—,,—,,—,,—,,—,,—,,—,,—,,—,,—,,—,,—,,—,,—,,—,,—,,—,,—,,—,,—,,—,,—,,—,,—,,—,,—,,—,,—,,—,,—,,—,,—,,—,,—,,—,,—,
  Reconciliation,,—,,—,,—,,—,,—,,—,,—,,—,,—,,—,,—,,—,,—,,—,,-381,,—,,—,,—,,—,,—,,—,,—,,—,,—,,—,,—,,—,,—,,—,,—,,—,,—,,—,,—,,—,,—,,—,,-918,,—,,—,
  Health and Well-Being,,—,,—,,—,,—,,—,,—,,—,,—,,—,,—,,—,,4682,0.227061105722599,4570,0.214735457193873,4448,0.217729697978364,4816,0.222756706753006,3908,0.18232714379024,3721,0.18679718875502,3436,0.188428845626542,—,,3734,0.184559114274417,3906,0.182985102595334,—,,—,,—,,—,,—,,—,,—,,—,,—,,—,,—,,—,,—,,—,,—,,—,,—,,—,,—,
    Health Care,,—,,—,,—,,—,,—,,—,,—,,—,,—,,—,,—,,—,,—,,—,,3596,0.166327474560592,—,,—,,—,,—,,—,,—,,—,,—,,—,,—,,—,,—,,—,,—,,—,,—,,—,,—,,—,,—,,—,,—,,—,,—,,—,
  Baby & Family Care,,2978,0.202957813671369,3048,0.210062026188835,3014,0.208163547206299,2946,0.196504802561366,2979,0.161157695428726,2972,0.170422615975687,3075,0.170937795319362,3099,0.162942320837058,3119,0.156560586286517,3268,0.17219938876594,3240,0.165983606557377,3420,0.165858389912706,3374,0.15853773141622,3531,0.172842527779138,3573,0.165263644773358,3772,0.175982084538584,3466,0.173995983935743,3456,0.189525637510282,3409,0.180255922165821,3589,0.177392249901147,3817,0.178815703176239,3768,0.193092138977145,3562,0.18553049638002,3652,0.178416141482241,3930,0.181708895875717,3968,0.195882904674927,4056,0.192018179235904,4079,0.18605181536216,4162,0.189725121940101,4153,0.201876336768423,—,,—,,—,,—,,—,,—,,—,,—,,—,,—,
  Beauty & Grooming,,—,,—,,—,,—,,—,,—,,—,,—,,—,,—,,—,,6614,0.320756547041707,7298,0.342918898599756,6720,0.328944148024867,7137,0.330111008325624,7271,0.339227395726416,6936,0.348192771084337,5962,0.326953660542912,—,,6779,0.335063266113088,7312,0.342546612948562,—,,—,,—,,—,,—,,—,,—,,—,,—,,—,,—,,—,,—,,—,,—,,—,,—,,—,,—,
Percentage of Revenue,,—,,—,,—,,—,,—,,—,,—,,—,,—,,—,,—,,—,,—,,—,,—,,—,,—,,—,,—,,—,,—,,—,,—,,—,,—,,—,,—,,—,,—,,—,,—,,—,,—,,—,,—,,—,,—,,—,,—,,—,
  Fabric & Home Care,,27,,27,,27,,28,,22,,24,,25,,25,,24,,25,,—,,29,,28,,28,,—,,29,,28,,29,,—,,30,,30,,30,,—,,31,,29,,30,,—,,30,,29,,32,,—,,33,,32,,32,,—,,31,,31,,31,,—,,32,
"  Baby , Feminine & Family Care",,—,,—,,—,,—,,—,,—,,—,,—,,—,,—,,—,,—,,—,,—,,—,,—,,—,,—,,—,,—,,—,,—,,—,,—,,—,,—,,—,,—,,—,,—,,—,,19,,19,,20,,—,,26,,25,,26,,—,,26,
  Beauty,,—,,—,,—,,—,,—,,—,,—,,12,,29,,30,,—,,22,,24,,23,,—,,23,,24,,23,,—,,24,,24,,24,,—,,24,,24,,24,,—,,24,,24,,24,,—,,23,,24,,23,,—,,23,,24,,23,,—,,23,
  Health Care,,14,,14,,14,,14,,14,,14,,11,,29,,12,,11,,—,,17,,17,,17,,—,,16,,17,,4,,—,,15,,14,,14,,—,,15,,15,,14,,—,,15,,14,,15,,—,,15,,15,,16,,—,,11,,11,,11,,—,,10,
  Grooming,,—,,—,,—,,—,,—,,—,,—,,—,,—,,—,,—,,10,,10,,9,,—,,10,,10,,9,,—,,9,,10,,9,,—,,9,,10,,9,,—,,9,,10,,9,,—,,10,,10,,9,,—,,9,,9,,9,,—,,9,
  Gillette,,—,,—,,—,,—,,13,,9,,—,,12,,13,,11,,—,,—,,—,,—,,—,,—,,—,,—,,—,,—,,—,,—,,—,,—,,—,,—,,—,,—,,—,,—,,—,,—,,—,,—,,—,,—,,—,,—,,—,,—,
    Blades & Razors,,—,,—,,—,,—,,6,,5,,—,,7,,7,,7,,—,,—,,—,,—,,—,,—,,—,,—,,—,,—,,—,,—,,—,,—,,—,,—,,—,,—,,—,,—,,—,,—,,—,,—,,—,,—,,—,,—,,—,,—,
    Duracell & Braun,,—,,—,,—,,—,,7,,4,,—,,5,,6,,4,,—,,—,,—,,—,,—,,—,,—,,—,,—,,—,,—,,—,,—,,—,,—,,—,,—,,—,,—,,—,,—,,—,,—,,—,,—,,—,,—,,—,,—,,—,
  Beauty and Health,,—,,—,,—,,—,,—,,—,,—,,41,,41,,41,,—,,—,,—,,—,,—,,—,,—,,—,,—,,—,,—,,—,,—,,—,,—,,—,,—,,—,,—,,—,,—,,—,,—,,—,,—,,—,,—,,—,,—,,—,
  P&G Family Health,,34,,34,,34,,34,,31,,32,,—,,—,,—,,—,,—,,—,,—,,—,,—,,—,,—,,—,,—,,—,,—,,—,,—,,—,,—,,—,,—,,—,,—,,—,,—,,—,,—,,—,,—,,—,,—,,—,,—,,—,
  P&G Household Care,,32,,32,,32,,33,,44,,29,,—,,47,,46,,48,,—,,46,,43,,45,,—,,46,,45,,47,,—,,48,,48,,—,,—,,—,,—,,—,,—,,—,,—,,—,,—,,—,,—,,—,,—,,—,,—,,—,,—,,—,
    Snacks & Coffee,,5,,5,,5,,5,,5,,5,,—,,—,,—,,—,,—,,—,,—,,—,,—,,—,,—,,—,,—,,—,,—,,—,,—,,—,,—,,—,,—,,—,,—,,—,,—,,—,,—,,—,,—,,—,,—,,—,,—,,—,
"    Pet Health, Snacks & Coffee",,—,,—,,—,,—,,—,,—,,—,,6,,6,,6,,—,,—,,—,,—,,—,,—,,—,,—,,—,,—,,—,,—,,—,,—,,—,,—,,—,,—,,—,,—,,—,,—,,—,,—,,—,,—,,—,,—,,—,,—,
"  Snacks, Coffee and Pet Care",,—,,—,,—,,—,,—,,—,,—,,—,,—,,—,,—,,5,,6,,6,,—,,5,,4,,17,,—,,4,,4,,4,,—,,3,,4,,4,,—,,4,,4,,—,,—,,—,,—,,—,,—,,—,,—,,—,,—,,—,
  P&G Beauty,,34,,34,,34,,33,,29,,30,,—,,—,,—,,—,,—,,—,,—,,—,,—,,—,,—,,—,,—,,—,,—,,—,,—,,—,,—,,—,,—,,—,,—,,—,,—,,—,,—,,—,,—,,—,,—,,—,,—,,—,
  Health and Well-Being,,—,,—,,—,,—,,—,,—,,—,,—,,—,,—,,—,,22,,23,,23,,—,,21,,21,,21,,—,,19,,18,,—,,—,,—,,—,,—,,—,,—,,—,,—,,—,,—,,—,,—,,—,,—,,—,,—,,—,,—,
  Baby & Family Care,,20,,20,,20,,20,,17,,18,,—,,16,,16,,17,,—,,17,,15,,17,,—,,17,,17,,18,,—,,18,,18,,19,,—,,18,,18,,19,,—,,18,,19,,20,,—,,—,,—,,—,,—,,—,,—,,—,,—,,—,
  Beauty & Grooming,,—,,—,,—,,—,,—,,—,,—,,—,,—,,—,,—,,32,,34,,32,,—,,33,,34,,32,,—,,33,,34,,—,,—,,—,,—,,—,,—,,—,,—,,—,,—,,—,,—,,—,,—,,—,,—,,—,,—,,—,
Pretax Income,,2837,1.0,2380,1.0,2117,1.0,2912,1.0,3661,1.0,3129,1.0,2711,1.0,3876,1.0,4090,1.0,3536,1.0,3208,1.0,4252,1.0,4394,1.0,3659,1.0,3447,1.0,4327,1.0,3768,1.0,3250,1.0,3284,1.0,4184,1.0,4484,1.0,3762,1.0,2617,1.0,4282,1.0,4090,1.0,3607,1.0,3205,1.0,4044,1.0,2649,1.0,3187,1.0,2912,1.0,3826,1.0,5218,1.0,3288,1.0,2511,1.0,4012,1.0,4182,1.0,3175,1.0,3149,1.0,2823,1.0
"  Baby , Feminine & Family Care",,—,,—,,—,,—,,—,,—,,—,,—,,—,,—,,—,,—,,—,,—,,—,,—,,—,,—,,—,,—,,—,,—,,—,,—,,—,,—,,—,,—,,—,,—,,840,0.245901639344262,809,0.182948891904116,945,0.193212022081374,2298,0.44997062854905,1268,0.360227272727273,1121,0.25907094984978,1099,0.235685181213811,1103,0.287914382667711,1064,0.293032222528229,1202,0.273928896991796
  Fabric & Home Care,,814,0.258166825245798,723,0.267777777777778,691,0.280894308943089,993,0.314240506329114,921,0.231873111782477,846,0.245573294629898,793,0.244075100030779,1107,0.263007840342124,1004,0.221584639152505,1031,0.264155777606969,1014,0.269896193771626,1356,0.288756388415673,1301,0.269413957341064,1159,0.271238006084718,1251,0.302685700459714,1261,0.277569887739379,1024,0.248604030104394,1134,0.305742787813427,1344,0.331034482758621,1510,0.311083642356819,1433,0.284268994247173,1168,0.28641490926925,965,0.289268585131894,1417,0.308781869688385,1165,0.250861326442722,1161,0.288017861572811,937,0.268327605956472,1282,0.288673722134654,1200,0.266311584553928,1161,0.294520547945205,1002,0.293325526932084,1369,0.30958842152872,1219,0.249233285626661,1065,0.208537301742706,543,0.154261363636364,1298,0.299976889299746,1149,0.246407891915076,1030,0.268859305664317,971,0.267419443679427,1180,0.268915223336372
  Beauty,,—,,—,,911,0.370325203252032,1081,0.342088607594937,1169,0.294310171198389,1044,0.303047895500726,1065,0.327793167128347,1197,0.284390591589451,1335,0.294636945486648,1112,0.284909044324878,1150,0.306095288794251,884,0.18824531516184,1121,0.232139159246221,784,0.183477650362743,740,0.1790466973143,1018,0.224081003742021,1054,0.255887351298859,772,0.208142356430305,814,0.200492610837438,1027,0.211578079934075,1137,0.22555048601468,772,0.189308484551251,712,0.213429256594724,1081,0.235563303551972,1141,0.245693367786391,762,0.189034978913421,623,0.178407789232532,928,0.208961945507769,1014,0.225033288948069,710,0.180111618467783,481,0.140807962529274,852,0.192672998643148,1138,0.232672255162543,692,0.13550029371451,533,0.151420454545455,909,0.210076265310839,1160,0.248766888269355,800,0.208822761681023,661,0.182043514183421,926,0.211030082041933
  Grooming,,—,,—,,—,,—,,—,,—,,—,,—,,—,,—,,—,,614,0.130749574105622,596,0.12342099813626,551,0.128949216007489,538,0.130171788047423,610,0.134272507153863,550,0.133527555231852,364,0.0981396602857913,476,0.117241379310345,489,0.100741656365884,613,0.121602856576076,462,0.113290828837666,443,0.13279376498801,524,0.11418609718893,664,0.142980189491817,524,0.129992557677996,500,0.143184421534937,639,0.143886512046836,692,0.153573013759432,530,0.134449518011162,597,0.174765807962529,634,0.143374038896427,695,0.142097730525455,593,0.116115136087723,536,0.152272727272727,601,0.138895308527848,730,0.156551576238473,613,0.160010441138084,645,0.17763701459653,621,0.141522333637192
  Health Care,,458,0.145258483983508,347,0.128518518518519,285,0.115853658536585,460,0.145569620253165,569,0.1432527693857,389,0.112917271407837,322,0.0991074176669745,560,0.133048229983369,683,0.150739351136614,529,0.135536766589803,376,0.100079850944903,980,0.208688245315162,1056,0.218678815489749,943,0.22068804118886,—,,757,0.166629980189302,723,0.175528040786599,653,0.176058236721488,653,0.160837438423645,830,0.170992995467656,790,0.156714937512398,663,0.162579695929377,526,0.157673860911271,741,0.161473087818697,779,0.167743324720069,658,0.163234929297941,542,0.155211912943872,800,0.180139608196352,784,0.1739902352419,638,0.161846778285134,496,0.14519906323185,758,0.171415649027589,501,0.102433040278062,459,0.0898766399060113,640,0.181818181818182,398,0.0919805870117864,525,0.112588462363285,438,0.11433046202036,290,0.0798678050123933,459,0.104603463992707
  Corporate,,-316,,-320,,-343,,-248,,-311,,-316,,-538,,-333,,-441,,-367,,-549,,-444,,-435,,-614,,-581,,-216,,-351,,-459,,-776,,-670,,-557,,-316,,-719,,-307,,-554,,-424,,-287,,-397,,-1857,,-755,,-504,,-596,,327,,-754,,-1009,,-315,,-481,,-656,,-482,,-1565,
  Adjustment,,—,,—,,—,,—,,—,,—,,—,,—,,—,,—,,—,,—,,—,,—,,—,,—,,—,,—,,—,,—,,—,,—,,—,,—,,—,,—,,—,,—,,—,,—,,—,,—,,393,0.0803516663259047,—,,—,,—,,—,,-153,-0.0399373531714957,—,,—,
  Gillette,,0,,0,,0,,0,,618,0.155589123867069,437,0.126850507982583,421,0.129578331794398,601,0.142789261107151,729,0.160891635400574,434,0.111196515500897,488,0.129890870375299,—,,—,,—,,—,,—,,—,,—,,—,,—,,—,,—,,—,,—,,—,,—,,—,,—,,—,,—,,—,,—,,—,,—,,—,,—,,—,,—,,—,,—,
    Blades & Razors,,0,,0,,0,,0,,375,0.0944108761329305,361,0.104789550072569,340,0.104647583871961,450,0.106913756236636,417,0.0920326638711101,405,0.103766333589546,392,0.104338568006388,—,,—,,—,,—,,—,,—,,—,,—,,—,,—,,—,,—,,—,,—,,—,,—,,—,,—,,—,,—,,—,,—,,—,,—,,—,,—,,—,,—,,—,
    Duracell & Braun,,0,,0,,0,,0,,243,0.061178247734139,76,0.0220609579100145,81,0.0249307479224377,151,0.0358755048705156,312,0.0688589715294637,29,0.00743018191135024,96,0.0255523023689114,—,,—,,—,,—,,—,,—,,—,,—,,—,,—,,—,,—,,—,,—,,—,,—,,—,,—,,—,,—,,—,,—,,—,,—,,—,,—,,—,,—,,—,
  Beauty and Health,,—,,—,,1196,0.486178861788618,1541,0.487658227848101,1738,0.437562940584089,1433,0.415965166908563,1387,0.426900584795322,1757,0.41743882157282,2018,0.445376296623262,1641,0.420445810914681,1526,0.406175139739154,—,,—,,—,,—,,—,,—,,—,,—,,—,,—,,—,,—,,—,,—,,—,,—,,—,,—,,—,,—,,—,,—,,—,,—,,—,,—,,—,,—,,—,
  P&G Family Health,,1017,0.322549952426261,852,0.315555555555556,—,,—,,—,,—,,—,,—,,—,,—,,—,,—,,—,,—,,—,,—,,—,,—,,—,,—,,—,,—,,—,,—,,—,,—,,—,,—,,—,,—,,—,,—,,—,,—,,—,,—,,—,,—,,—,,—,
  P&G Household Care,,997,0.316206787186806,879,0.325555555555556,1264,0.513821138211382,1619,0.512341772151899,1616,0.406847935548842,1575,0.457184325108853,1441,0.44352108341028,1851,0.439771917320029,1784,0.393732067976164,1828,0.468357673584422,1743,0.463933989885547,2034,0.433134582623509,1953,0.404431559329054,1898,0.444184413760824,1882,0.45535930316961,2068,0.455205811138015,1689,0.410050983248361,1827,0.492585602588299,—,,2395,0.493407498969922,2358,0.467764332473716,—,,—,,—,,—,,—,,—,,—,,—,,—,,—,,—,,—,,—,,—,,—,,—,,—,,—,,—,
    Snacks & Coffee,,183,0.0580399619410086,156,0.0577777777777778,—,,—,,—,,—,,—,,—,,—,,—,,—,,—,,—,,—,,—,,—,,—,,—,,—,,—,,—,,—,,—,,—,,—,,—,,—,,—,,—,,—,,—,,—,,—,,—,,—,,—,,—,,—,,—,,—,
"    Pet Health, Snacks & Coffee",,—,,—,,168,0.0682926829268293,119,0.0376582278481013,177,0.0445619335347432,202,0.0586357039187228,129,0.0397045244690674,144,0.0342124019957235,232,0.0512028249834474,191,0.0489367153471688,192,0.0511046047378227,—,,—,,—,,—,,—,,—,,—,,—,,—,,—,,—,,—,,—,,—,,—,,—,,—,,—,,—,,—,,—,,—,,—,,—,,—,,—,,—,,—,,—,
"  Snacks, Coffee and Pet Care",,—,,—,,—,,—,,—,,—,,—,,—,,—,,—,,—,,184,0.0391822827938671,103,0.0213294677987161,97,0.0227006786800843,206,0.0498427292523591,90,0.0198106977767995,103,0.0250060694343287,93,0.025074143974117,111,0.0273399014778325,113,0.0232797692624639,143,0.0283673874231303,124,0.030407062285434,119,0.0356714628297362,77,0.0167792547395947,93,0.0200258397932817,94,0.0233192756139916,92,0.0263459335624284,—,,—,,—,,—,,—,,—,,—,,—,,—,,—,,—,,—,,—,
  P&G Beauty,,1139,0.361243260386933,969,0.358888888888889,—,,—,,—,,—,,—,,—,,—,,—,,—,,—,,—,,—,,—,,—,,—,,—,,—,,—,,—,,—,,—,,—,,—,,—,,—,,—,,—,,—,,—,,—,,—,,—,,—,,—,,—,,—,,—,,—,
  Reconciliation,,—,,—,,—,,—,,—,,—,,—,,—,,—,,—,,—,,—,,—,,—,,-105,,—,,—,,—,,—,,—,,—,,—,,—,,—,,—,,—,,—,,—,,—,,—,,—,,—,,—,,-1065,,—,,—,,—,,—,,—,,—,
  Health and Well-Being,,—,,—,,—,,—,,—,,—,,—,,—,,—,,—,,—,,1164,0.247870528109029,1159,0.240008283288466,1040,0.243388719868945,973,0.235422211468667,847,0.186440677966102,826,0.200534110220927,746,0.201132380695605,—,,943,0.194272764730119,933,0.185082324935529,—,,—,,—,,—,,—,,—,,—,,—,,—,,—,,—,,—,,—,,—,,—,,—,,—,,—,,—,
    Health Care,,—,,—,,—,,—,,—,,—,,—,,—,,—,,—,,—,,—,,—,,—,,767,0.185579482216308,—,,—,,—,,—,,—,,—,,—,,—,,—,,—,,—,,—,,—,,—,,—,,—,,—,,—,,—,,—,,—,,—,,—,,—,,—,
  Baby & Family Care,,559,0.177291468442753,505,0.187037037037037,405,0.164634146341463,507,0.160443037974684,518,0.130412890231621,527,0.152975326560232,519,0.159741458910434,600,0.142551674982181,548,0.120944603840212,606,0.155265180630284,537,0.142933191376098,678,0.144378194207836,652,0.135017601987989,739,0.172946407676106,631,0.152673602709896,807,0.177635923398635,665,0.161446953143967,693,0.186842814774872,662,0.163054187192118,885,0.182323856613103,925,0.183495338226542,889,0.217999019127023,571,0.171163069544364,749,0.163216387012421,802,0.172695951765719,832,0.20640039692384,798,0.228522336769759,792,0.178338212114389,816,0.181091877496671,903,0.229071537290715,—,,—,,—,,—,,—,,—,,—,,—,,—,,—,
  Beauty & Grooming,,—,,—,,—,,—,,—,,—,,—,,—,,—,,—,,—,,1498,0.318994889267462,1717,0.355560157382481,1335,0.312426866370232,1278,0.309218485361723,1628,0.358353510895884,1604,0.389414906530711,1136,0.306282016716096,—,,1516,0.312319736299959,1750,0.347153342590756,—,,—,,—,,—,,—,,—,,—,,—,,—,,—,,—,,—,,—,,—,,—,,—,,—,,—,,—,
Net Income,,1975,1.0,1614,1.0,1392,1.0,2029,1.0,2546,1.0,2211,1.0,1898,1.0,2698,1.0,2862,1.0,2512,1.0,2268,1.0,3079,1.0,3270,1.0,2710,1.0,3016,1.0,3348,1.0,5004,1.0,10965,1.0,2471,1.0,3307,1.0,0.004659,1.0,0.002585,1.0,2185,1.0,3081,1.0,3333,1.0,2873,1.0,2510,1.0,3024,1.0,1690,1.0,2411,1.0,3631,1.0,2814,1.0,4057,1.0,2566,1.0,1875,1.0,3027,1.0,3297,1.0,2609,1.0,2579,1.0,1990,1.0
"  Baby , Feminine & Family Care",,—,,—,,—,,—,,—,,—,,—,,—,,—,,—,,—,,—,,—,,—,,—,,—,,—,,—,,—,,—,,—,,—,,—,,—,,—,,—,,—,,—,,—,,—,,540,0.145278450363196,512,0.170269371466578,611,0.179441997063142,608,0.21925712225027,1316,0.565535023635582,725,0.24476704929102,765,0.22700296735905,725,0.260885210507377,725,0.266838424733162,825,0.266731328806984
  Fabric & Home Care,,550,0.260293421675343,481,0.267370761534186,418,0.273202614379085,662,0.307477937761263,616,0.225641025641026,567,0.242826552462527,524,0.242368177613321,754,0.258839684174391,673,0.212772684160607,685,0.258783528522856,681,0.267268445839874,916,0.282106559901448,879,0.253606462781304,779,0.261584956346541,843,0.293217391304348,826,0.263982102908277,658,0.130555555555556,2210,0.200708382526564,822,0.311836115326252,1009,0.304098854731766,0.000965,0.193193193193193,0.000752,0.272365085114089,613,0.278763074124602,937,0.294376374489475,758,0.234239802224969,754,0.279673590504451,560,0.251572327044025,818,0.268372703412073,746,0.239255933290571,716,0.2731781762686,635,0.170836696260425,903,0.300299301629531,906,0.266079295154185,693,0.249909844933285,587,0.252256123764504,827,0.279203241053342,751,0.222848664688427,619,0.22274199352285,647,0.23813029076187,783,0.253152279340446
  Beauty,,—,,—,,604,0.394771241830065,783,0.363678588016721,848,0.310622710622711,738,0.316059957173448,737,0.340888066604995,872,0.299347751458977,1008,0.318684792918116,805,0.304117869285984,807,0.316718995290424,689,0.212195873113643,883,0.254760530871321,589,0.197783747481531,569,0.197913043478261,788,0.251837647810802,821,0.162896825396825,2160,0.196167468894742,475,0.180197268588771,777,0.234177215189873,0.000876,0.175375375375375,0.000562,0.2035494386092,497,0.226011823556162,829,0.260446120012567,896,0.276885043263288,547,0.202893175074184,414,0.185983827493261,683,0.224081364829396,802,0.257216164207826,523,0.199542159481114,382,0.102771051923594,658,0.218822746923844,877,0.257562408223201,535,0.192931842769564,404,0.173614095401805,690,0.232950708980419,927,0.275074183976261,624,0.224541201871177,498,0.18329039381671,710,0.229550598124798
  Grooming,,—,,—,,—,,—,,—,,—,,—,,—,,—,,—,,—,,451,0.138897443794272,429,0.123773802654357,403,0.135325721961048,396,0.137739130434783,443,0.141578779162672,394,0.0781746031746032,1096,0.0995368268095541,292,0.110773899848255,351,0.105786618444846,0.000433,0.0866866866866867,0.000377,0.136544730170228,316,0.143701682582992,398,0.125039271127867,482,0.148949320148331,379,0.140578635014837,372,0.16711590296496,486,0.159448818897638,517,0.165811417575369,398,0.151850438763831,406,0.109227871939736,466,0.154971732623878,518,0.152129221732746,444,0.160115398485395,409,0.175762784701332,453,0.152937204591492,553,0.164094955489614,463,0.166606693055056,485,0.178505704821494,466,0.150662786938248
  Health Care,,302,0.142924751538097,233,0.129516397998888,182,0.118954248366013,312,0.144914073385973,387,0.141758241758242,265,0.113490364025696,203,0.0938945420906568,385,0.132166151733608,472,0.149225418906102,347,0.131091802040045,249,0.097723704866562,648,0.19956883276871,715,0.206289671090594,617,0.207186030893217,—,,503,0.160754234579738,495,0.0982142857142857,1413,0.12832621923531,567,0.215098634294385,550,0.165762507534659,0.000534,0.106906906906907,0.000435,0.157551611734879,341,0.155070486584811,495,0.155513666352498,531,0.164091470951792,427,0.158382789317507,343,0.154088050314465,542,0.177821522309711,537,0.172225785760103,411,0.156810377718428,336,0.0903954802259887,507,0.16860658463585,512,0.150367107195301,493,0.177785791561486,386,0.165878813923507,267,0.0901417960837272,374,0.110979228486647,270,0.0971572508096438,174,0.0640412219359588,322,0.10410604591012
  Adjustment,,—,,—,,—,,—,,—,,—,,—,,—,,—,,—,,—,,—,,76,0.0219272937103289,60,0.0201477501678979,—,,—,,2191,0.434722222222222,2608,0.236854055035873,—,,—,,0.00151,0.302302302302302,—,,—,,—,,—,,—,,—,,25,0.00820209973753281,—,,—,,1418,0.381490449287059,-39,-0.0129697372796807,-19,-0.00558002936857562,—,,-775,-0.33304684142673,—,,—,,78,0.0280676502338971,188,0.069193963930806,-13,-0.00420303912059489
  Corporate,,-138,,-185,,-138,,-124,,-184,,-124,,-264,,-215,,-301,,-135,,-280,,-168,,-196,,-268,,141,,-14,,-36,,-46,,-165,,-11,,-0.000336,,-0.000176,,-14,,-102,,97,,177,,284,,-24,,-1446,,-210,,-86,,-193,,652,,-182,,-452,,65,,-73,,-170,,-138,,-1103,
  Gillette,,0,,0,,0,,0,,437,0.16007326007326,319,0.13661670235546,298,0.137835337650324,432,0.148300720906282,519,0.164084729687006,312,0.117869285984133,353,0.138540031397174,—,,—,,—,,—,,—,,—,,—,,—,,—,,—,,—,,—,,—,,—,,—,,—,,—,,—,,—,,—,,—,,—,,—,,—,,—,,—,,—,,—,,—,
    Blades & Razors,,0,,0,,0,,0,,272,0.0996336996336996,265,0.113490364025696,244,0.112858464384829,337,0.115688293855132,301,0.0951628201074929,294,0.111069134869664,290,0.1138147566719,—,,—,,—,,—,,—,,—,,—,,—,,—,,—,,—,,—,,—,,—,,—,,—,,—,,—,,—,,—,,—,,—,,—,,—,,—,,—,,—,,—,,—,
    Duracell & Braun,,0,,0,,0,,0,,165,0.0604395604395604,54,0.0231263383297645,54,0.0249768732654949,95,0.03261242705115,218,0.0689219095795131,18,0.00680015111446921,63,0.0247252747252747,—,,—,,—,,—,,—,,—,,—,,—,,—,,—,,—,,—,,—,,—,,—,,—,,—,,—,,—,,—,,—,,—,,—,,—,,—,,—,,—,,—,,—,
  Beauty and Health,,—,,—,,786,0.513725490196078,1095,0.508592661402694,1235,0.452380952380952,1003,0.429550321199143,940,0.434782608695652,1257,0.431513903192585,1480,0.467910211824217,1152,0.43520967132603,1056,0.414442700156986,—,,—,,—,,—,,—,,—,,—,,—,,—,,—,,—,,—,,—,,—,,—,,—,,—,,—,,—,,—,,—,,—,,—,,—,,—,,—,,—,,—,,—,
  P&G Family Health,,649,0.307146237576905,553,0.307392996108949,—,,—,,—,,—,,—,,—,,—,,—,,—,,—,,—,,—,,—,,—,,—,,—,,—,,—,,—,,—,,—,,—,,—,,—,,—,,—,,—,,—,,—,,—,,—,,—,,—,,—,,—,,—,,—,,—,
  P&G Household Care,,670,0.317084713677236,578,0.321289605336298,744,0.486274509803922,1058,0.491407338597306,1058,0.387545787545788,1013,0.433832976445396,924,0.427382053654024,1224,0.420185375901133,1164,0.368005058488776,1183,0.446921042689838,1139,0.44701726844584,1346,0.414536495226363,1296,0.373918061165609,1250,0.41974479516454,1252,0.435478260869565,1340,0.428251837647811,1076,0.213492063492063,3565,0.32376714194896,—,,1566,0.471971066907776,0.001544,0.309109109109109,—,,—,,—,,—,,—,,—,,—,,—,,—,,—,,—,,—,,—,,—,,—,,—,,—,,—,,—,
    Snacks & Coffee,,120,0.056791292001893,97,0.0539188438021123,—,,—,,—,,—,,—,,—,,—,,—,,—,,—,,—,,—,,—,,—,,—,,—,,—,,—,,—,,—,,—,,—,,—,,—,,—,,—,,—,,—,,—,,—,,—,,—,,—,,—,,—,,—,,—,,—,
"    Pet Health, Snacks & Coffee",,—,,—,,105,0.0686274509803922,76,0.0352995819786345,112,0.041025641025641,120,0.0513918629550321,77,0.0356151711378353,87,0.0298661174047374,150,0.0474233322794815,116,0.0438231960710238,124,0.0486656200941915,—,,—,,—,,—,,—,,—,,—,,—,,—,,—,,—,,—,,—,,—,,—,,—,,—,,—,,—,,—,,—,,—,,—,,—,,—,,—,,—,,—,,—,
"  Snacks, Coffee and Pet Care",,—,,—,,—,,—,,—,,—,,—,,—,,—,,—,,—,,113,0.0348013550970126,67,0.01933064050779,59,0.0198119543317663,132,0.0459130434782609,55,0.0175775007989773,63,0.0125,169,0.0153482880755608,65,0.0246585735963581,74,0.0223025919228451,9.8e-05,0.0196196196196196,7.7e-05,0.0278884462151394,77,0.0350159163256025,54,0.0169651272384543,67,0.0207045735475896,61,0.0226261127596439,59,0.0265049415992812,—,,—,,—,,—,,—,,—,,—,,—,,—,,—,,—,,—,,—,
  P&G Beauty,,794,0.375769048745859,668,0.371317398554753,—,,—,,—,,—,,—,,—,,—,,—,,—,,—,,—,,—,,—,,—,,—,,—,,—,,—,,—,,—,,—,,—,,—,,—,,—,,—,,—,,—,,—,,—,,—,,—,,—,,—,,—,,—,,—,,—,
  Reconciliation,,—,,—,,—,,—,,—,,—,,—,,—,,—,,—,,—,,—,,—,,—,,—,,233,,—,,—,,—,,—,,—,,—,,—,,—,,—,,—,,—,,—,,18,,—,,—,,—,,—,,-25,,—,,—,,—,,—,,—,,—,
  Health and Well-Being,,—,,—,,—,,—,,—,,—,,—,,—,,—,,—,,—,,761,0.234370187865722,782,0.225620311598384,676,0.226997985224983,658,0.228869565217391,558,0.178331735378715,558,0.110714285714286,1582,0.143674507310871,—,,624,0.188065099457505,0.000632,0.126526526526527,—,,—,,—,,—,,—,,—,,—,,—,,—,,—,,—,,—,,—,,—,,—,,—,,—,,—,,—,
    Health Care,,—,,—,,—,,—,,—,,—,,—,,—,,—,,—,,—,,—,,—,,—,,526,0.18295652173913,—,,—,,—,,—,,—,,—,,—,,—,,—,,—,,—,,—,,—,,—,,—,,—,,—,,—,,—,,—,,—,,—,,—,,—,,—,
  Baby & Family Care,,347,0.164221486038807,320,0.177876598110061,221,0.144444444444444,320,0.148629818857408,330,0.120879120879121,326,0.139614561027837,323,0.149398704902868,383,0.131479574322005,341,0.107809042048688,382,0.144314318095958,334,0.131083202511774,430,0.132429935324915,417,0.120311598384305,471,0.158159838817999,409,0.142260869565217,514,0.164269734739533,418,0.0829365079365079,1355,0.123058759422396,415,0.157435508345979,557,0.16787221217601,0.000579,0.115915915915916,0.000558,0.202100688156465,355,0.16143701682583,470,0.147659440779139,502,0.15512978986403,528,0.195845697329377,478,0.214734950584007,494,0.162073490813648,516,0.165490699166132,573,0.218618847768027,—,,—,,—,,—,,—,,—,,—,,—,,—,,—,
  Beauty & Grooming,,—,,—,,—,,—,,—,,—,,—,,—,,—,,—,,—,,1140,0.351093316907915,1312,0.378534333525678,992,0.333109469442579,965,0.335652173913043,1231,0.393416426973474,1215,0.241071428571429,3256,0.295704295704296,—,,1128,0.33996383363472,0.001309,0.262062062062062,—,,—,,—,,—,,—,,—,,—,,—,,—,,—,,—,,—,,—,,—,,—,,—,,—,,—,,—,
Revenue Growth %,,—,,—,,—,,—,,—,,—,,—,,—,,—,,—,,—,,—,,—,,—,,—,,—,,—,,—,,—,,—,,—,,—,,—,,—,,—,,—,,—,,—,,—,,—,,—,,—,,—,,—,,—,,—,,—,,—,,—,,—,
  Health Care,,7,,16,,16,,13,,29,,21,,35,,32,,7,,10,,11,,7,,11,,11,,—,,4,,-6,,-12,,-12,,-4,,5,,5,,2,,0,,2,,6,,12,,10,,1,,2,,-1,,-4,,3,,8,,6,,-1,,4,,-2,,-1,,6,
"  Baby , Feminine & Family Care",,—,,—,,—,,—,,—,,—,,—,,—,,—,,—,,—,,—,,—,,—,,—,,—,,—,,—,,—,,—,,—,,—,,—,,—,,—,,—,,—,,—,,—,,—,,1,,-2,,4,,3,,2,,5,,1,,1,,1,,1,
  Beauty,,—,,—,,—,,—,,—,,—,,9,,11,,8,,8,,8,,6,,10,,9,,11,,12,,-4,,-9,,-12,,-5,,7,,6,,6,,0,,1,,5,,7,,9,,1,,1,,-4,,-7,,1,,-2,,1,,-1,,-2,,-2,,-5,,-1,
  Grooming,,—,,—,,—,,—,,—,,—,,—,,—,,—,,—,,—,,9,,9,,13,,12,,6,,-7,,-16,,-17,,-11,,3,,11,,14,,2,,3,,8,,7,,10,,1,,0,,-6,,-7,,-4,,-2,,-1,,-3,,0,,-4,,5,,-1,
  Fabric & Home Care,,11,,7,,10,,11,,8,,7,,9,,9,,11,,12,,10,,10,,10,,10,,13,,10,,-4,,-6,,-9,,-5,,9,,8,,0,,3,,0,,5,,11,,6,,5,,1,,-1,,-2,,3,,0,,3,,3,,1,,2,,-2,,-2,
  Gillette,,—,,—,,—,,—,,—,,—,,—,,—,,8,,—,,12,,—,,—,,—,,—,,—,,—,,—,,—,,—,,—,,—,,—,,—,,—,,—,,—,,—,,—,,—,,—,,—,,—,,—,,—,,—,,—,,—,,—,,—,
    Blades & Razors,,—,,—,,—,,—,,—,,—,,—,,12,,11,,8,,18,,—,,—,,—,,—,,—,,—,,—,,—,,—,,—,,—,,—,,—,,—,,—,,—,,—,,—,,—,,—,,—,,—,,—,,—,,—,,—,,—,,—,,—,
    Duracell & Braun,,—,,—,,—,,—,,—,,—,,—,,7,,5,,3,,4,,—,,—,,—,,—,,—,,—,,—,,—,,—,,—,,—,,—,,—,,—,,—,,—,,—,,—,,—,,—,,—,,—,,—,,—,,—,,—,,—,,—,,—,
  Beauty and Health,,—,,—,,—,,—,,—,,—,,15,,16,,8,,9,,9,,—,,—,,—,,—,,—,,—,,—,,—,,—,,—,,—,,—,,—,,—,,—,,—,,—,,—,,—,,—,,—,,—,,—,,—,,—,,—,,—,,—,,—,
  P&G Family Health,,10,,14,,—,,12,,13,,8,,—,,—,,—,,—,,—,,—,,—,,—,,—,,—,,—,,—,,—,,—,,—,,—,,—,,—,,—,,—,,—,,—,,—,,—,,—,,—,,—,,—,,—,,—,,—,,—,,—,,—,
  P&G Household Care,,10,,8,,11,,9,,8,,6,,6,,8,,8,,10,,7,,—,,—,,—,,12,,—,,—,,—,,—,,—,,—,,—,,—,,—,,—,,—,,—,,—,,—,,—,,—,,—,,—,,—,,—,,—,,—,,—,,—,,—,
    Snacks & Coffee,,5,,16,,—,,-5,,10,,4,,—,,—,,—,,—,,—,,—,,—,,—,,—,,—,,—,,—,,—,,—,,—,,—,,—,,—,,—,,—,,—,,—,,—,,—,,—,,—,,—,,—,,—,,—,,—,,—,,—,,—,
"    Pet Health, Snacks & Coffee",,—,,—,,—,,—,,—,,—,,2,,10,,3,,0,,2,,—,,—,,—,,—,,—,,—,,—,,—,,—,,—,,—,,—,,—,,—,,—,,—,,—,,—,,—,,—,,—,,—,,—,,—,,—,,—,,—,,—,,—,
"  Snacks, Coffee and Pet Care",,—,,—,,—,,—,,—,,—,,—,,—,,—,,—,,—,,6,,4,,11,,8,,9,,-1,,-4,,-13,,-6,,6,,-2,,6,,-6,,-4,,7,,7,,9,,3,,—,,—,,—,,—,,—,,—,,—,,—,,—,,—,,—,
  P&G Beauty,,12,,9,,—,,7,,7,,6,,—,,—,,—,,—,,—,,—,,—,,—,,—,,—,,—,,—,,—,,—,,—,,—,,—,,—,,—,,—,,—,,—,,—,,—,,—,,—,,—,,—,,—,,—,,—,,—,,—,,—,
  Corporate,,—,,—,,0,,—,,—,,—,,—,,—,,—,,—,,—,,—,,—,,—,,—,,—,,—,,—,,—,,—,,—,,—,,—,,—,,—,,—,,—,,—,,—,,—,,—,,—,,—,,—,,—,,—,,—,,—,,—,,—,
  Health and Well-Being,,—,,—,,—,,—,,—,,—,,—,,—,,—,,—,,—,,6,,9,,11,,8,,—,,—,,—,,—,,—,,—,,—,,—,,—,,—,,—,,—,,—,,—,,—,,—,,—,,—,,—,,—,,—,,—,,—,,—,,—,
    Health Care,,—,,—,,—,,—,,—,,—,,—,,—,,—,,—,,—,,—,,—,,—,,7,,—,,—,,—,,—,,—,,—,,—,,—,,—,,—,,—,,—,,—,,—,,—,,—,,—,,—,,—,,—,,—,,—,,—,,—,,—,
  Baby & Family Care,,11,,13,,10,,5,,2,,-1,,4,,5,,5,,10,,5,,10,,8,,8,,10,,10,,3,,-2,,-5,,-5,,10,,9,,4,,2,,3,,5,,14,,12,,6,,5,,—,,—,,—,,—,,—,,—,,—,,—,,—,,—,
  Beauty & Grooming,,—,,—,,—,,—,,—,,—,,—,,—,,—,,—,,—,,7,,10,,10,,11,,—,,—,,—,,—,,—,,—,,—,,—,,—,,—,,—,,—,,—,,—,,—,,—,,—,,—,,—,,—,,—,,—,,—,,—,,—,
Organic Growth,,—,,—,,—,,—,,—,,—,,—,,—,,—,,—,,—,,—,,—,,—,,—,,—,,—,,—,,—,,—,,—,,—,,—,,—,,—,,—,,—,,—,,—,,—,,—,,—,,—,,—,,—,,—,,—,,—,,—,,—,
  Health Care,,—,,—,,—,,—,,—,,—,,—,,—,,—,,—,,—,,—,,—,,—,,—,,0,,0,,-2,,-1,,4,,2,,1,,2,,4,,5,,5,,2,,4,,1,,2,,3,,2,,4,,8,,7,,0,,5,,0,,0,,6,
"  Baby , Feminine & Family Care",,—,,—,,—,,—,,—,,—,,—,,—,,—,,—,,—,,—,,—,,—,,—,,—,,—,,—,,—,,—,,—,,—,,—,,—,,—,,—,,—,,—,,—,,—,,5,,3,,5,,4,,4,,6,,3,,2,,3,,4,
  Beauty,,—,,—,,—,,—,,—,,—,,—,,—,,—,,—,,—,,—,,—,,—,,—,,6,,0,,0,,-2,,2,,4,,2,,3,,3,,3,,7,,3,,4,,2,,2,,1,,-2,,3,,-1,,3,,1,,0,,2,,-3,,0,
  Grooming,,—,,—,,—,,—,,—,,—,,—,,—,,—,,—,,—,,—,,—,,—,,—,,0,,1,,-4,,-4,,-2,,0,,4,,3,,6,,6,,7,,3,,3,,2,,2,,0,,2,,2,,2,,4,,1,,3,,1,,7,,0,
  Fabric & Home Care,,—,,—,,—,,—,,—,,—,,—,,—,,—,,—,,—,,—,,—,,—,,—,,6,,1,,3,,3,,2,,7,,5,,4,,5,,2,,5,,4,,1,,5,,2,,3,,2,,3,,1,,5,,6,,4,,6,,1,,0,
"  Snacks, Coffee and Pet Care",,—,,—,,—,,—,,—,,—,,—,,—,,—,,—,,—,,—,,—,,—,,—,,7,,4,,2,,1,,-3,,3,,-6,,0,,-9,,-8,,4,,0,,4,,3,,—,,—,,—,,—,,—,,—,,—,,—,,—,,—,,—,
  Baby & Family Care,,—,,—,,—,,—,,—,,—,,—,,—,,—,,—,,—,,—,,—,,—,,—,,10,,7,,6,,-7,,1,,8,,7,,5,,5,,6,,8,,5,,7,,6,,6,,—,,—,,—,,—,,—,,—,,—,,—,,—,,—,
Foreign Currency Growth,,—,,—,,—,,—,,—,,—,,—,,—,,—,,—,,—,,—,,—,,—,,—,,—,,—,,—,,—,,—,,—,,—,,—,,—,,—,,—,,—,,—,,—,,—,,—,,—,,—,,—,,—,,—,,—,,—,,—,,—,
  Health Care,,—,,—,,2,,1,,0,,-1,,2,,1,,2,,2,,3,,3,,6,,6,,—,,5,,-5,,-8,,5,,-8,,3,,4,,0,,4,,-3,,1,,5,,6,,0,,-1,,-5,,-6,,-2,,-1,,-2,,-1,,-1,,-2,,-1,,0,
  Beauty,,—,,—,,—,,—,,—,,—,,1,,2,,3,,3,,3,,3,,6,,6,,7,,6,,-4,,-9,,4,,-7,,3,,4,,1,,2,,-1,,2,,6,,6,,1,,-1,,-4,,-5,,-1,,-1,,-2,,-2,,-2,,-3,,-2,,-1,
  Grooming,,—,,—,,—,,—,,—,,—,,—,,—,,—,,—,,—,,4,,7,,7,,8,,6,,-6,,-12,,6,,-9,,3,,6,,2,,4,,-3,,1,,6,,7,,0,,-2,,-6,,-8,,-3,,-1,,-3,,-2,,-3,,-5,,-2,,-1,
"  Baby , Feminine & Family Care",,—,,—,,—,,—,,—,,—,,—,,—,,—,,—,,—,,—,,—,,—,,—,,—,,—,,—,,—,,—,,—,,—,,—,,—,,—,,—,,—,,—,,—,,—,,-4,,-5,,-1,,-1,,-2,,-1,,-2,,-4,,-2,,-2,
  Fabric & Home Care,,—,,—,,2,,1,,0,,-2,,1,,1,,2,,2,,3,,3,,5,,5,,6,,4,,-5,,-9,,5,,-7,,2,,3,,0,,3,,-3,,1,,5,,5,,0,,-1,,-4,,-5,,0,,-1,,-2,,-3,,-3,,-4,,-2,,-2,
  Health Care,,—,,—,,—,,—,,—,,—,,—,,—,,—,,—,,—,,—,,—,,—,,6,,—,,—,,—,,—,,—,,—,,—,,—,,—,,—,,—,,—,,—,,—,,—,,—,,—,,—,,—,,—,,—,,—,,—,,—,,—,
  Blades & Razors,,—,,—,,—,,—,,—,,—,,—,,—,,3,,4,,5,,—,,—,,—,,—,,—,,—,,—,,—,,—,,—,,—,,—,,—,,—,,—,,—,,—,,—,,—,,—,,—,,—,,—,,—,,—,,—,,—,,—,,—,
  Snacks & Coffee,,—,,—,,—,,0,,-1,,-2,,—,,—,,—,,—,,—,,—,,—,,—,,—,,—,,—,,—,,—,,—,,—,,—,,—,,—,,—,,—,,—,,—,,—,,—,,—,,—,,—,,—,,—,,—,,—,,—,,—,,—,
"  Pet Health, Snacks & Coffee",,—,,—,,—,,—,,—,,—,,0,,1,,1,,1,,2,,—,,—,,—,,—,,—,,—,,—,,—,,—,,—,,—,,—,,—,,—,,—,,—,,—,,—,,—,,—,,—,,—,,—,,—,,—,,—,,—,,—,,—,
"  Snacks, Coffee and Pet Care",,—,,—,,—,,—,,—,,—,,—,,—,,—,,—,,—,,2,,3,,3,,4,,2,,-5,,-6,,4,,-3,,2,,4,,1,,1,,-1,,2,,4,,5,,0,,—,,—,,—,,—,,—,,—,,—,,—,,—,,—,,—,
  P&G Beauty,,—,,—,,—,,0,,-1,,-3,,—,,—,,—,,—,,—,,—,,—,,—,,—,,—,,—,,—,,—,,—,,—,,—,,—,,—,,—,,—,,—,,—,,—,,—,,—,,—,,—,,—,,—,,—,,—,,—,,—,,—,
  Duracell & Braun,,—,,—,,—,,—,,—,,—,,—,,—,,3,,3,,3,,—,,—,,—,,—,,—,,—,,—,,—,,—,,—,,—,,—,,—,,—,,—,,—,,—,,—,,—,,—,,—,,—,,—,,—,,—,,—,,—,,—,,—,
  Baby & Family Care,,—,,—,,2,,1,,0,,-3,,3,,1,,2,,3,,3,,3,,5,,5,,6,,4,,-4,,-8,,4,,-6,,2,,2,,0,,3,,-3,,-1,,4,,5,,0,,-1,,—,,—,,—,,—,,—,,—,,—,,—,,—,,—,
Acquisition/Divestiture & Other Growth,,—,,—,,—,,—,,—,,—,,—,,—,,—,,—,,—,,—,,—,,—,,—,,—,,—,,—,,—,,—,,—,,—,,—,,—,,—,,—,,—,,—,,—,,—,,—,,—,,—,,—,,—,,—,,—,,—,,—,,—,
  Health Care,,—,,—,,10,,—,,—,,—,,—,,—,,—,,6,,3,,—,,—,,—,,—,,0,,-1,,-2,,1,,0,,0,,0,,0,,0,,0,,0,,0,,0,,0,,1,,-1,,0,,-1,,-1,,-1,,0,,0,,0,,0,,0,
  Beauty,,—,,—,,—,,—,,—,,—,,—,,—,,—,,3,,2,,—,,—,,—,,—,,4,,0,,0,,1,,-2,,0,,0,,-1,,1,,0,,1,,0,,1,,2,,0,,1,,0,,1,,0,,0,,0,,0,,1,,0,,0,
  Grooming,,—,,—,,—,,—,,—,,—,,—,,—,,—,,—,,—,,—,,—,,—,,—,,-1,,-2,,0,,1,,-8,,0,,-1,,0,,0,,0,,0,,0,,0,,1,,0,,0,,-1,,3,,3,,2,,-2,,0,,0,,0,,0,
  Fabric & Home Care,,—,,—,,7,,—,,—,,—,,—,,—,,—,,—,,4,,—,,—,,—,,—,,2,,0,,0,,0,,-2,,0,,0,,0,,-1,,-1,,-1,,2,,0,,0,,0,,0,,0,,0,,0,,0,,0,,0,,0,,1,,0,
"  Baby , Feminine & Family Care",,—,,—,,—,,—,,—,,—,,—,,—,,—,,—,,—,,—,,—,,—,,—,,—,,—,,—,,—,,—,,—,,—,,—,,—,,—,,—,,—,,—,,—,,—,,0,,2,,0,,0,,0,,0,,0,,0,,0,,-1,
"  Pet Health, Snacks & Coffee",,—,,—,,—,,—,,—,,—,,—,,—,,—,,—,,5,,—,,—,,—,,—,,—,,—,,—,,—,,—,,—,,—,,—,,—,,—,,—,,—,,—,,—,,—,,—,,—,,—,,—,,—,,—,,—,,—,,—,,—,
"  Snacks, Coffee and Pet Care",,—,,—,,—,,—,,—,,—,,—,,—,,—,,—,,—,,—,,—,,—,,—,,2,,—,,0,,0,,-10,,-1,,0,,0,,-4,,-5,,-5,,3,,0,,0,,—,,—,,—,,—,,—,,—,,—,,—,,—,,—,,—,
  Baby & Family Care,,—,,—,,7,,—,,—,,—,,—,,—,,—,,—,,3,,—,,—,,—,,—,,1,,—,,0,,0,,-1,,0,,0,,0,,0,,0,,-1,,0,,0,,0,,0,,—,,—,,—,,—,,—,,—,,—,,—,,—,,—,
Goodwill,,20651,1.0,20286,1.0,19816,1.0,19793,1.0,52792,1.0,54693,1.0,55306,1.0,55708,1.0,56224,1.0,56471,1.0,56552,1.0,57575,1.0,58216,1.0,59645,1.0,59767,1.0,57773,1.0,56562,1.0,55286,1.0,56512,1.0,57011,1.0,56979,1.0,55538,1.0,54012,1.0,56171,1.0,55760,1.0,57030,1.0,57562,1.0,56079,1.0,54307,1.0,54833,1.0,53773,1.0,54332,1.0,55687,1.0,55067,1.0,55188,1.0,55874,1.0,56293,1.0,56226,1.0,53704,1.0,51361,1.0
  Grooming,,—,,—,,—,,—,,—,,—,,—,,—,,—,,—,,—,,24599,0.427251411202779,24823,0.426394805551738,25377,0.425467348478498,25312,0.423511302223635,24442,0.423069599986153,24027,0.424790495385594,23509,0.425225192634663,21391,0.37852137599094,21637,0.379523249899142,21515,0.379573762393705,20991,0.379996379435192,20384,0.379491380273299,21120,0.378000107386394,20956,0.37791924401724,21437,0.377937624512967,21621,0.377639599671633,21088,0.378124439662901,20894,0.386940257046557,21098,0.386948866554178,20680,0.40286760695083,20875,0.386430951499445,20994,0.379103615154032,20496,0.374301471931042,20617,0.390873241572821,20862,0.375452173130568,21009,0.375267933695341,20972,0.375055886403062,20939,0.38989646953672,20427,0.397714218959911
  Beauty,,—,,—,,14580,0.73576907549455,14569,0.736068306977214,17606,0.333497499621155,17735,0.324264531110014,17870,0.323111416482841,17933,0.321910677102032,18197,0.323651821286284,18329,0.32457367498362,18302,0.323631348139765,15788,0.274216239687364,16094,0.276453208739865,16684,0.279721686645989,16903,0.282814931316613,16260,0.281446350371281,16072,0.28414836816237,15591,0.282006294541113,18668,0.330336919592299,19020,0.333619827752539,18867,0.332856991637557,18240,0.330195510499638,17575,0.327195889339837,18473,0.330624809836594,18292,0.329876828190655,18828,0.331940551118633,19068,0.333048049883849,18440,0.3306437152591,16646,0.308270676691729,16890,0.309771843591813,16429,0.320053767630328,16658,0.30836727138097,16772,0.302863953194409,16663,0.304302567661346,16663,0.315910211200849,16926,0.304616215243409,17088,0.305230065733067,17090,0.305631561063719,17040,0.317294801132132,16454,0.320359806078542
  Health Care,,3375,0.163430342356302,3389,0.167061027309475,1683,0.0849313685910375,3376,0.170565351386854,7460,0.141309289286255,7431,0.135867478470737,6090,0.110114634940151,6095,0.109409779564874,6134,0.109099317017644,6153,0.10895858051035,6168,0.10906776064507,8570,0.148849326964828,8630,0.148241033392882,8767,0.14698633582027,—,,8515,0.147387187786682,8414,0.148757116085004,8287,0.14989328220526,8404,0.148711778029445,8225,0.144270403957131,8196,0.144596168095692,8057,0.145854453294714,7859,0.146311948467811,8055,0.144166234138135,8011,0.144469892337379,8130,0.143333157031787,8179,0.142857142857143,8034,0.144055944055944,8339,0.154431645616504,8400,0.154060597168219,6115,0.119126470817424,8405,0.155590522028878,9053,0.163476470800679,8318,0.151904744512217,6185,0.117260076593486,8394,0.151066318725817,8439,0.150739496999143,8428,0.15072339360123,6280,0.11693728586325,6125,0.119253908607698
"  Baby , Feminine & Family Care",,—,,—,,—,,—,,—,,—,,—,,—,,—,,—,,—,,—,,—,,—,,—,,—,,—,,—,,—,,—,,—,,—,,—,,—,,—,,—,,—,,—,,—,,—,,3684,0.071768097872672,1479,0.0273787486116253,1938,0.0349958467261367,4828,0.0881697651484715,4828,0.0915330072422553,4887,0.0879510483217853,4928,0.0880251500428694,4920,0.0879875529803101,4910,0.0914270817816178,4770,0.0928720235197913
  Fabric & Home Care,,651,0.0315238971478379,647,0.0318939169870847,644,0.0324989907145741,644,0.0325367554185823,2025,0.0383580845582664,2027,0.0370614155376374,1850,0.0334502585614581,1578,0.0283262727076901,1884,0.0335088218554354,1891,0.0334862141630217,1901,0.0336150799264394,4532,0.0787147199305254,4576,0.0786038202555998,4668,0.0782630564171347,4655,0.0778857898171232,4501,0.0779083654994548,4410,0.0779675400445529,4317,0.0780848677784611,4408,0.0780011325028313,4461,0.078248057392433,4436,0.0782611763875657,4337,0.0785119478638668,4248,0.0790855270506758,4476,0.0801102500313211,4460,0.0804313718418063,4549,0.0801995733502583,4589,0.0801530050827031,4478,0.0802940649094495,4419,0.0818363643097893,6641,0.121799574499303,4424,0.0861840567287462,6603,0.122232506479082,6621,0.119560114124743,4453,0.0813214507469228,4453,0.0844234633905889,4496,0.0809142445784217,4520,0.0807373535295799,4507,0.0806016059516784,4535,0.0844443616862804,3585,0.069800042834057
  Corporate,,—,,—,,—,,—,,—,,—,,—,,—,,—,,—,,—,,—,,—,,—,,—,,—,,—,,—,,0,,—,,297,,298,,298,,298,,309,,309,,309,,309,,309,,309,,2441,,312,,309,,309,,2442,,309,,309,,309,,0,,0,
  Gillette,,—,,—,,0,,0,,23140,0.438323988483103,24937,0.455945002102646,25537,0.46174013669403,25833,0.46372154807209,26003,0.462489328400683,26085,0.461918506844221,26151,0.462423963785543,—,,—,,—,,—,,—,,—,,—,,—,,—,,—,,—,,—,,—,,—,,—,,—,,—,,—,,—,,—,,—,,—,,—,,—,,—,,—,,—,,—,,—,
    Blades & Razors,,—,,—,,0,,0,,18922,0.358425519018033,19966,0.3650558572395,21539,0.389451415759592,21763,0.390662023407769,21906,0.389620091064314,21975,0.389137787536966,22031,0.389570660630924,—,,—,,—,,—,,—,,—,,—,,—,,—,,—,,—,,—,,—,,—,,—,,—,,—,,—,,—,,—,,—,,—,,—,,—,,—,,—,,—,,—,,—,
    Duracell & Braun,,—,,—,,0,,0,,4218,0.0798984694650705,4971,0.0908891448631452,3998,0.0722887209344375,4070,0.0730595246643211,4097,0.0728692373363688,4110,0.072780719307255,4120,0.0728533031546188,—,,—,,—,,—,,—,,—,,—,,—,,—,,—,,—,,—,,—,,—,,—,,—,,—,,—,,—,,—,,—,,—,,—,,—,,—,,—,,—,,—,,—,
  Beauty and Health,,—,,—,,16263,0.820700444085587,17945,0.906633658364068,25066,0.47480678890741,25166,0.460132009580751,23960,0.433226051422992,24028,0.431320456666906,24331,0.432751138303927,24482,0.43353225549397,24470,0.432699108784835,—,,—,,—,,—,,—,,—,,—,,—,,—,,—,,—,,—,,—,,—,,—,,—,,—,,—,,—,,—,,—,,—,,—,,—,,—,,—,,—,,—,,—,
  P&G Family Health,,4368,0.211515180862912,4360,0.214926550330277,—,,—,,—,,—,,—,,—,,—,,—,,—,,—,,—,,—,,—,,—,,—,,—,,—,,—,,—,,—,,—,,—,,—,,—,,—,,—,,—,,—,,—,,—,,—,,—,,—,,—,,—,,—,,—,,—,
  P&G Household Care,,911,0.044114086484916,907,0.0447106378783397,3553,0.179299555914413,1848,0.0933663416359319,4586,0.0868692226094863,4590,0.0839229883166036,5809,0.105033811882978,5847,0.104957995261004,5890,0.10475953329539,5904,0.104549237661809,5931,0.104876927429622,6199,0.107668258792879,6245,0.107272914662636,6379,0.106949450917931,6368,0.106547091204176,6141,0.10629532826753,5995,0.105989887203423,5853,0.105867669934522,—,,6069,0.106453140621985,6045,0.106647612998836,—,,—,,—,,—,,—,,—,,—,,—,,—,,—,,—,,—,,—,,—,,—,,—,,—,,—,,—,
    Snacks & Coffee,,260,0.0125901893370781,260,0.0128167208912551,—,,—,,—,,—,,—,,—,,—,,—,,—,,—,,—,,—,,—,,—,,—,,—,,—,,—,,—,,—,,—,,—,,—,,—,,—,,—,,—,,—,,—,,—,,—,,—,,—,,—,,—,,—,,—,,—,
"    Pet Health, Snacks & Coffee",,—,,—,,1954,0.0986071861122325,260,0.0131359571565705,543,0.0102856493408092,544,0.0099464282449308,2396,0.0433226051422992,2401,0.0430997343290012,2405,0.0427753272623791,2406,0.0426059393316924,2407,0.0425625972556231,—,,—,,—,,—,,—,,—,,—,,—,,—,,—,,—,,—,,—,,—,,—,,—,,—,,—,,—,,—,,—,,—,,—,,—,,—,,—,,—,,—,,—,
"  Snacks, Coffee and Pet Care",,—,,—,,—,,—,,—,,—,,—,,—,,—,,—,,—,,2419,0.0420147633521494,2424,0.0416380376528789,2438,0.0408751781373124,2434,0.0407248146970736,2415,0.0418015335883544,2054,0.0363141331636081,2046,0.0370075606844409,2055,0.0363639580973952,2060,0.0361333777692024,2059,0.0363254648742105,2049,0.0370926864590876,2203,0.0410135160293406,2232,0.0399477386215167,2232,0.0402517538006528,2239,0.039473916186245,2243,0.0391769863587934,2234,0.040057378518917,2229,0.0412793066409867,—,,—,,—,,—,,—,,—,,—,,—,,—,,—,,—,
  P&G Beauty,,15372,0.744370732652172,15019,0.740362811791383,—,,—,,—,,—,,—,,—,,—,,—,,—,,—,,—,,—,,—,,—,,—,,—,,—,,—,,—,,—,,—,,—,,—,,—,,—,,—,,—,,—,,—,,—,,—,,—,,—,,—,,—,,—,,—,,—,
  Health and Well-Being,,—,,—,,—,,—,,—,,—,,—,,—,,—,,—,,—,,10989,0.190864090316978,11054,0.189879071045761,11205,0.187861513957582,11184,0.187126675255576,10930,0.189188721375037,10468,0.185071249248612,10333,0.186900842889701,—,,10285,0.180403781726334,10255,0.180921632969902,—,,—,,—,,—,,—,,—,,—,,—,,—,,—,,—,,—,,—,,—,,—,,—,,—,,—,,—,
    Health Care,,—,,—,,—,,—,,—,,—,,—,,—,,—,,—,,—,,—,,—,,—,,8750,0.146401860558502,—,,—,,—,,—,,—,,—,,—,,—,,—,,—,,—,,—,,—,,—,,—,,—,,—,,—,,—,,—,,—,,—,,—,,—,,—,
  Baby & Family Care,,993,0.0480848385066098,971,0.0478655230208025,955,0.048193379087606,944,0.0476936290607791,2018,0.0382254887104107,2019,0.0369151445340354,1563,0.0282609481792211,1868,0.0335319882243125,1601,0.0284753841775754,1607,0.0284570841670946,1623,0.0286992502475598,1667,0.0289535388623535,1669,0.0286690944070359,1711,0.0286863945007964,1713,0.0286613013870531,1640,0.0283869627680751,1585,0.0280223471588699,1536,0.0277828021560612,1586,0.0280648357870895,1608,0.0282050832295522,1609,0.0283864366112699,1566,0.0283490224475018,1445,0.0269017388390364,1517,0.0271508599860398,1500,0.0270509098122667,1538,0.0271151778001093,1553,0.0271252161458788,1496,0.0268244575936884,1471,0.0272417496944331,1495,0.0274191181864867,—,,—,,—,,—,,—,,—,,—,,—,,—,,—,
  Beauty & Grooming,,—,,—,,—,,—,,—,,—,,—,,—,,—,,—,,—,,40387,0.701467650890143,40917,0.702848014291604,42061,0.705189035124486,42215,0.706326233540248,40702,0.704515950357433,40099,0.708938863547965,39100,0.707231487175777,—,,40657,0.713143077651681,40382,0.712430754031262,—,,—,,—,,—,,—,,—,,—,,—,,—,,—,,—,,—,,—,,—,,—,,—,,—,,—,,—,
Assets,,—,,—,,61527,1.0,—,,—,,—,,135695,1.0,—,,—,,—,,138014,1.0,—,,—,,—,,143992,1.0,—,,—,,—,,134833,1.0,—,,—,,—,,128172,1.0,—,,—,,—,,138354,1.0,—,,—,,—,,132244,1.0,—,,—,,—,,139263,1.0,—,,—,,—,,144266,1.0,—,
  Corporate,,—,,—,,31183,,—,,—,,—,,66205,,—,,—,,—,,67509,,—,,—,,—,,70268,,—,,—,,—,,75634,,—,,—,,—,,70653,,—,,—,,—,,76383,,—,,—,,—,,73687,,—,,—,,—,,78018,,—,,—,,—,,83714,,—,
  Grooming,,—,,—,,—,,—,,—,,—,,—,,—,,—,,—,,—,,—,,—,,—,,27406,0.371737832998752,—,,—,,—,,22205,0.375090795452626,—,,—,,—,,21259,0.369599610563466,—,,—,,—,,21608,0.348679220925917,—,,—,,—,,24518,0.418703143945216,—,,—,,—,,23971,0.391395215935995,—,,—,,—,,23767,0.392505615008588,—,
  Fabric & Home Care,,—,,—,,6845,0.225580015818613,—,,—,,—,,6928,0.0996977982443517,—,,—,,—,,7649,0.108488759662435,—,,—,,—,,13708,0.185936737019153,—,,—,,—,,10419,0.175999594587746,—,,—,,—,,9650,0.167770649698361,—,,—,,—,,11257,0.181649481208953,—,,—,,—,,10647,0.181822839284799,—,,—,,—,,12018,0.196228263531717,—,,—,,—,,11384,0.188003699299775,—,
"  Baby , Feminine & Family Care",,—,,—,,—,,—,,—,,—,,—,,—,,—,,—,,—,,—,,—,,—,,—,,—,,—,,—,,—,,—,,—,,—,,—,,—,,—,,—,,—,,—,,—,,—,,9203,0.157163106033437,—,,—,,—,,8460,0.138133725202057,—,,—,,—,,10946,0.180770247060378,—,
  Beauty,,—,,—,,11494,0.37878987608753,—,,—,,—,,13498,0.19424377608289,—,,—,,—,,14470,0.205233671370825,—,,—,,—,,12260,0.166295914491889,—,,—,,—,,11987,0.202486528488657,—,,—,,—,,11825,0.20558424172882,—,,—,,—,,12802,0.206580497329396,—,,—,,—,,8357,0.142715644585617,—,,—,,—,,8396,0.137088741938117,—,,—,,—,,8576,0.141630334258158,—,
  Health Care,,—,,—,,2536,0.0835750065910889,—,,—,,—,,7644,0.110001439055979,—,,—,,—,,7321,0.103836607332813,—,,—,,—,,—,,—,,—,,—,,7206,0.121725029139006,—,,—,,—,,7142,0.124167666336341,—,,—,,—,,7796,0.125800777783157,—,,—,,—,,5832,0.0995952661509299,—,,—,,—,,8400,0.137154053392114,—,,—,,—,,5879,0.0970901043731008,—,
  Gillette,,—,,—,,0,,—,,—,,—,,31959,0.459907900417326,—,,—,,—,,31158,0.441926104531593,—,,—,,—,,—,,—,,—,,—,,—,,—,,—,,—,,—,,—,,—,,—,,—,,—,,—,,—,,—,,—,,—,,—,,—,,—,,—,,—,,—,,—,
    Blades & Razors,,—,,—,,0,,—,,—,,—,,24575,0.353648006907469,—,,—,,—,,24160,0.342670732572158,—,,—,,—,,—,,—,,—,,—,,—,,—,,—,,—,,—,,—,,—,,—,,—,,—,,—,,—,,—,,—,,—,,—,,—,,—,,—,,—,,—,,—,
    Duracell & Braun,,—,,—,,0,,—,,—,,—,,7384,0.106259893509858,—,,—,,—,,6998,0.0992553719594355,—,,—,,—,,—,,—,,—,,—,,—,,—,,—,,—,,—,,—,,—,,—,,—,,—,,—,,—,,—,,—,,—,,—,,—,,—,,—,,—,,—,,—,
  Beauty and Health,,—,,—,,14030,0.462364882678619,—,,—,,—,,21142,0.304245215138869,—,,—,,—,,21791,0.309070278703638,—,,—,,—,,—,,—,,—,,—,,—,,—,,—,,—,,—,,—,,—,,—,,—,,—,,—,,—,,—,,—,,—,,—,,—,,—,,—,,—,,—,,—,
  P&G Household Care,,—,,—,,16314,0.537635117321381,—,,—,,—,,16389,0.235846884443805,—,,—,,—,,17556,0.249003616764768,—,,—,,—,,21810,0.295833107264934,—,,—,,—,,—,,—,,—,,—,,—,,—,,—,,—,,—,,—,,—,,—,,—,,—,,—,,—,,—,,—,,—,,—,,—,,—,
"    Pet Health, Snacks & Coffee",,—,,—,,2197,0.0724031109939362,—,,—,,—,,2122,0.0305367678802705,—,,—,,—,,2176,0.0308630593574924,—,,—,,—,,—,,—,,—,,—,,—,,—,,—,,—,,—,,—,,—,,—,,—,,—,,—,,—,,—,,—,,—,,—,,—,,—,,—,,—,,—,,—,
"  Snacks, Coffee and Pet Care",,—,,—,,—,,—,,—,,—,,—,,—,,—,,—,,—,,—,,—,,—,,1651,0.0223943356301883,—,,—,,—,,1123,0.0189699150323485,—,,—,,—,,1237,0.0215059371685878,—,,—,,—,,1324,0.0213648319375192,—,,—,,—,,—,,—,,—,,—,,—,,—,,—,,—,,—,,—,
  Health and Well-Being,,—,,—,,—,,—,,—,,—,,—,,—,,—,,—,,—,,—,,—,,—,,12248,0.166133145244425,—,,—,,—,,—,,—,,—,,—,,—,,—,,—,,—,,—,,—,,—,,—,,—,,—,,—,,—,,—,,—,,—,,—,,—,,—,
    Health Care,,—,,—,,—,,—,,—,,—,,—,,—,,—,,—,,—,,—,,—,,—,,10597,0.143738809614237,—,,—,,—,,—,,—,,—,,—,,—,,—,,—,,—,,—,,—,,—,,—,,—,,—,,—,,—,,—,,—,,—,,—,,—,,—,
  Baby & Family Care,,—,,—,,7272,0.239651990508832,—,,—,,—,,7339,0.105612318319183,—,,—,,—,,7731,0.109651797744841,—,,—,,—,,8102,0.109896370245782,—,,—,,—,,6259,0.105728137299617,—,,—,,—,,6406,0.111371894504425,—,,—,,—,,7184,0.115925190815059,—,,—,,—,,—,,—,,—,,—,,—,,—,,—,,—,,—,,—,
  Beauty & Grooming,,—,,—,,—,,—,,—,,—,,—,,—,,—,,—,,—,,—,,—,,—,,39666,0.538033747490641,—,,—,,—,,—,,—,,—,,—,,—,,—,,—,,—,,—,,—,,—,,—,,—,,—,,—,,—,,—,,—,,—,,—,,—,,—,
Sales Change - Volume %,,—,,—,,—,,—,,—,,—,,—,,—,,—,,—,,—,,—,,—,,—,,—,,—,,—,,—,,—,,—,,—,,—,,—,,—,,—,,—,,—,,—,,—,,—,,—,,—,,—,,—,,—,,—,,—,,—,,—,,—,
  Health Care,,—,,—,,10,,11,,10,,-1,,7,,2,,3,,6,,4,,4,,5,,6,,—,,1,,-3,,-5,,-5,,0,,3,,5,,5,,6,,5,,4,,4,,3,,0,,0,,0,,-1,,3,,5,,4,,-1,,6,,2,,-1,,4,
  Fabric & Home Care,,—,,—,,7,,8,,7,,7,,8,,7,,7,,9,,8,,8,,—,,6,,4,,2,,-6,,-5,,-4,,-2,,8,,10,,7,,9,,5,,5,,4,,-1,,0,,-3,,-1,,0,,2,,3,,6,,6,,5,,6,,2,,1,
"  Baby , Feminine & Family Care",,—,,—,,—,,—,,—,,—,,—,,—,,—,,—,,—,,—,,—,,—,,—,,—,,—,,—,,—,,—,,—,,—,,—,,—,,—,,—,,—,,—,,—,,—,,1,,2,,6,,2,,3,,6,,3,,0,,0,,0,
  Beauty,,—,,—,,—,,—,,—,,—,,7,,5,,5,,4,,4,,2,,3,,3,,2,,4,,-1,,-4,,-4,,-1,,3,,4,,8,,4,,6,,6,,1,,5,,2,,1,,-1,,-3,,0,,-1,,4,,2,,1,,1,,-3,,-1,
  Grooming,,—,,—,,—,,—,,—,,—,,—,,—,,—,,—,,—,,5,,8,,6,,3,,-1,,-5,,-9,,-7,,-8,,-2,,5,,9,,5,,5,,2,,1,,0,,1,,1,,0,,-1,,0,,0,,2,,0,,2,,2,,2,,-2,
  Health Care,,—,,—,,—,,—,,—,,—,,—,,—,,—,,—,,—,,—,,—,,—,,3,,—,,—,,—,,—,,—,,—,,—,,—,,—,,—,,—,,—,,—,,—,,—,,—,,—,,—,,—,,—,,—,,—,,—,,—,,—,
  Blades & Razors,,—,,—,,—,,—,,—,,—,,—,,—,,4,,4,,6,,—,,—,,—,,—,,—,,—,,—,,—,,—,,—,,—,,—,,—,,—,,—,,—,,—,,—,,—,,—,,—,,—,,—,,—,,—,,—,,—,,—,,—,
  Snacks & Coffee,,—,,—,,—,,-7,,-1,,3,,—,,—,,—,,—,,—,,—,,—,,—,,—,,—,,—,,—,,—,,—,,—,,—,,—,,—,,—,,—,,—,,—,,—,,—,,—,,—,,—,,—,,—,,—,,—,,—,,—,,—,
"  Pet Health, Snacks & Coffee",,—,,—,,—,,—,,—,,—,,2,,5,,1,,-2,,-2,,—,,—,,—,,—,,—,,—,,—,,—,,—,,—,,—,,—,,—,,—,,—,,—,,—,,—,,—,,—,,—,,—,,—,,—,,—,,—,,—,,—,,—,
"  Snacks, Coffee and Pet Care",,—,,—,,—,,—,,—,,—,,—,,—,,—,,—,,—,,2,,0,,4,,1,,2,,-5,,-6,,-15,,-10,,1,,-6,,8,,-4,,-6,,4,,1,,2,,2,,—,,—,,—,,—,,—,,—,,—,,—,,—,,—,,—,
  P&G Beauty,,—,,—,,—,,0,,6,,4,,—,,—,,—,,—,,—,,—,,—,,—,,—,,—,,—,,—,,—,,—,,—,,—,,—,,—,,—,,—,,—,,—,,—,,—,,—,,—,,—,,—,,—,,—,,—,,—,,—,,—,
  Duracell & Braun,,—,,—,,—,,—,,—,,—,,—,,—,,1,,3,,4,,—,,—,,—,,—,,—,,—,,—,,—,,—,,—,,—,,—,,—,,—,,—,,—,,—,,—,,—,,—,,—,,—,,—,,—,,—,,—,,—,,—,,—,
  Baby & Family Care,,—,,—,,7,,6,,6,,3,,2,,4,,3,,8,,6,,8,,7,,1,,9,,7,,1,,0,,0,,-1,,10,,10,,9,,10,,8,,7,,8,,2,,0,,3,,—,,—,,—,,—,,—,,—,,—,,—,,—,,—,
Sales Change - Prices %,,—,,—,,—,,—,,—,,—,,—,,—,,—,,—,,—,,—,,—,,—,,—,,—,,—,,—,,—,,—,,—,,—,,—,,—,,—,,—,,—,,—,,—,,—,,—,,—,,—,,—,,—,,—,,—,,—,,—,,—,
  Grooming,,—,,—,,—,,—,,—,,—,,—,,—,,—,,—,,—,,1,,0,,2,,2,,3,,4,,7,,7,,6,,4,,2,,2,,1,,1,,5,,2,,2,,2,,3,,1,,3,,2,,3,,2,,1,,3,,3,,6,,4,
"  Baby , Feminine & Family Care",,—,,—,,—,,—,,—,,—,,—,,—,,—,,—,,—,,—,,—,,—,,—,,—,,—,,—,,—,,—,,—,,—,,—,,—,,—,,—,,—,,—,,—,,—,,4,,3,,2,,2,,1,,0,,0,,2,,3,,2,
  Health Care,,1,,1,,2,,1,,1,,1,,2,,2,,2,,1,,2,,1,,0,,0,,—,,2,,3,,5,,4,,3,,1,,-1,,0,,-2,,0,,1,,4,,3,,3,,3,,4,,2,,2,,1,,1,,2,,2,,1,,0,,1,
  Beauty,,—,,—,,—,,—,,—,,—,,1,,1,,0,,1,,-1,,0,,0,,0,,2,,2,,1,,5,,3,,3,,2,,-1,,-1,,0,,-1,,1,,2,,2,,3,,5,,4,,2,,3,,1,,0,,0,,0,,1,,0,,1,
  Fabric & Home Care,,0,,0,,1,,2,,2,,2,,1,,1,,1,,0,,1,,0,,0,,0,,4,,4,,6,,9,,8,,3,,-1,,-3,,-4,,-2,,-1,,0,,3,,5,,6,,7,,5,,2,,1,,0,,0,,-1,,0,,1,,-1,,-1,
  Health Care,,—,,—,,—,,—,,—,,—,,—,,—,,—,,—,,—,,—,,—,,—,,1,,—,,—,,—,,—,,—,,—,,—,,—,,—,,—,,—,,—,,—,,—,,—,,—,,—,,—,,—,,—,,—,,—,,—,,—,,—,
  Blades & Razors,,—,,—,,—,,—,,—,,—,,—,,—,,2,,2,,2,,—,,—,,—,,—,,—,,—,,—,,—,,—,,—,,—,,—,,—,,—,,—,,—,,—,,—,,—,,—,,—,,—,,—,,—,,—,,—,,—,,—,,—,
  Snacks & Coffee,,-2,,9,,—,,5,,9,,3,,—,,—,,—,,—,,—,,—,,—,,—,,—,,—,,—,,—,,—,,—,,—,,—,,—,,—,,—,,—,,—,,—,,—,,—,,—,,—,,—,,—,,—,,—,,—,,—,,—,,—,
"  Pet Health, Snacks & Coffee",,—,,—,,—,,—,,—,,—,,0,,-1,,0,,3,,2,,—,,—,,—,,—,,—,,—,,—,,—,,—,,—,,—,,—,,—,,—,,—,,—,,—,,—,,—,,—,,—,,—,,—,,—,,—,,—,,—,,—,,—,
"  Snacks, Coffee and Pet Care",,—,,—,,—,,—,,—,,—,,—,,—,,—,,—,,—,,0,,1,,5,,6,,7,,10,,10,,8,,—,,5,,0,,1,,2,,0,,0,,-1,,2,,3,,—,,—,,—,,—,,—,,—,,—,,—,,—,,—,,—,
  P&G Beauty,,0,,0,,—,,0,,0,,0,,—,,—,,—,,—,,—,,—,,—,,—,,—,,—,,—,,—,,—,,—,,—,,—,,—,,—,,—,,—,,—,,—,,—,,—,,—,,—,,—,,—,,—,,—,,—,,—,,—,,—,
  Duracell & Braun,,—,,—,,—,,—,,—,,—,,—,,—,,0,,2,,2,,—,,—,,—,,—,,—,,—,,—,,—,,—,,—,,—,,—,,—,,—,,—,,—,,—,,—,,—,,—,,—,,—,,—,,—,,—,,—,,—,,—,,—,
  Baby & Family Care,,1,,1,,2,,1,,1,,2,,3,,1,,1,,1,,-2,,0,,0,,1,,2,,5,,7,,6,,4,,2,,0,,-1,,-2,,-2,,0,,1,,3,,4,,6,,5,,—,,—,,—,,—,,—,,—,,—,,—,,—,,—,
Sales Change - Currencies %,,—,,—,,—,,—,,—,,—,,—,,—,,—,,—,,—,,—,,—,,—,,—,,—,,—,,—,,—,,—,,—,,—,,—,,—,,—,,—,,—,,—,,—,,—,,—,,—,,—,,—,,—,,—,,—,,—,,—,,—,
"  Baby , Feminine & Family Care",,—,,—,,—,,—,,—,,—,,—,,—,,—,,—,,—,,—,,—,,—,,—,,—,,—,,—,,—,,—,,—,,—,,—,,—,,—,,—,,—,,—,,—,,—,,—,,—,,—,,—,,—,,1,,—,,4,,—,,2,
  Fabric & Home Care,,—,,—,,—,,—,,—,,—,,—,,—,,—,,—,,—,,—,,—,,—,,—,,—,,—,,—,,—,,—,,—,,—,,—,,—,,—,,—,,—,,5,,—,,—,,—,,5,,—,,—,,—,,3,,—,,4,,—,,2,
  Beauty,,—,,—,,—,,—,,—,,—,,—,,—,,—,,—,,—,,—,,—,,—,,—,,—,,—,,—,,—,,—,,—,,—,,—,,—,,—,,—,,—,,6,,—,,—,,—,,5,,—,,—,,—,,2,,—,,3,,—,,1,
  Grooming,,—,,—,,—,,—,,—,,—,,—,,—,,—,,—,,—,,—,,—,,—,,—,,—,,—,,—,,—,,—,,—,,—,,—,,—,,—,,—,,—,,7,,—,,—,,—,,8,,—,,—,,—,,2,,—,,5,,—,,1,
  Health Care,,—,,—,,—,,—,,—,,—,,—,,—,,—,,—,,—,,—,,—,,—,,—,,—,,—,,—,,—,,—,,—,,—,,—,,—,,—,,—,,—,,6,,—,,—,,—,,6,,—,,—,,—,,1,,—,,2,,—,,0,
"  Snacks, Coffee and Pet Care",,—,,—,,—,,—,,—,,—,,—,,—,,—,,—,,—,,—,,—,,—,,—,,—,,—,,—,,—,,—,,—,,—,,—,,—,,—,,—,,—,,5,,—,,—,,—,,—,,—,,—,,—,,—,,—,,—,,—,,—,
  Baby & Family Care,,—,,—,,—,,—,,—,,—,,—,,—,,—,,—,,—,,—,,—,,—,,—,,—,,—,,—,,—,,—,,—,,—,,—,,—,,—,,—,,—,,5,,—,,—,,—,,—,,—,,—,,—,,—,,—,,—,,—,,—,
Sales Change - Acquisitions & Divestitures %,,—,,—,,—,,—,,—,,—,,—,,—,,—,,—,,—,,—,,—,,—,,—,,—,,—,,—,,—,,—,,—,,—,,—,,—,,—,,—,,—,,—,,—,,—,,—,,—,,—,,—,,—,,—,,—,,—,,—,,—,
  Health Care,,6,,14,,12,,11,,8,,18,,15,,28,,2,,6,,4,,3,,5,,6,,—,,0,,-5,,-6,,-5,,0,,3,,5,,5,,6,,5,,4,,5,,3,,0,,0,,1,,-1,,3,,5,,5,,-1,,6,,2,,-1,,4,
  Fabric & Home Care,,10,,5,,8,,8,,7,,7,,4,,8,,8,,10,,8,,8,,7,,5,,4,,2,,-6,,-5,,-4,,-2,,8,,10,,7,,10,,7,,6,,7,,-1,,0,,-3,,-1,,0,,2,,3,,6,,6,,5,,6,,2,,1,
"  Baby , Feminine & Family Care",,—,,—,,—,,—,,—,,—,,—,,—,,—,,—,,—,,—,,—,,—,,—,,—,,—,,—,,—,,—,,—,,—,,—,,—,,—,,—,,—,,—,,—,,—,,1,,2,,6,,2,,4,,6,,3,,0,,0,,0,
  Beauty,,—,,—,,—,,—,,—,,—,,—,,8,,4,,3,,4,,3,,3,,6,,2,,4,,-1,,-5,,-4,,-2,,2,,4,,8,,4,,5,,5,,4,,4,,1,,1,,-1,,3,,0,,-1,,4,,2,,1,,0,,-3,,-1,
  Grooming,,—,,—,,—,,—,,—,,—,,—,,—,,—,,—,,—,,5,,8,,7,,3,,-1,,-6,,-9,,-7,,-8,,-2,,6,,9,,5,,5,,2,,3,,0,,1,,1,,0,,-1,,-2,,-2,,0,,-1,,2,,2,,2,,-2,
  Health Care,,—,,—,,—,,—,,—,,—,,—,,—,,—,,—,,—,,—,,—,,—,,2,,—,,—,,—,,—,,—,,—,,—,,—,,—,,—,,—,,—,,—,,—,,—,,—,,—,,—,,—,,—,,—,,—,,—,,—,,—,
  Blades & Razors,,—,,—,,—,,—,,—,,—,,—,,—,,4,,4,,—,,—,,—,,—,,—,,—,,—,,—,,—,,—,,—,,—,,—,,—,,—,,—,,—,,—,,—,,—,,—,,—,,—,,—,,—,,—,,—,,—,,—,,—,
  Snacks & Coffee,,5,,6,,—,,-7,,3,,3,,—,,—,,—,,—,,—,,—,,—,,—,,—,,—,,—,,—,,—,,—,,—,,—,,—,,—,,—,,—,,—,,—,,—,,—,,—,,—,,—,,—,,—,,—,,—,,—,,—,,—,
"  Pet Health, Snacks & Coffee",,—,,—,,—,,—,,—,,—,,—,,5,,1,,-2,,-2,,—,,—,,—,,—,,—,,—,,—,,—,,—,,—,,—,,—,,—,,—,,—,,—,,—,,—,,—,,—,,—,,—,,—,,—,,—,,—,,—,,—,,—,
"  Snacks, Coffee and Pet Care",,—,,—,,—,,—,,—,,—,,—,,—,,—,,—,,—,,2,,0,,3,,1,,2,,-3,,-6,,-15,,-10,,1,,-6,,8,,-1,,-2,,7,,1,,2,,2,,—,,—,,—,,—,,—,,—,,—,,—,,—,,—,,—,
  P&G Beauty,,9,,7,,—,,1,,5,,8,,—,,—,,—,,—,,—,,—,,—,,—,,—,,—,,—,,—,,—,,—,,—,,—,,—,,—,,—,,—,,—,,—,,—,,—,,—,,—,,—,,—,,—,,—,,—,,—,,—,,—,
  Duracell & Braun,,—,,—,,—,,—,,—,,—,,—,,—,,0,,0,,—,,—,,—,,—,,—,,—,,—,,—,,—,,—,,—,,—,,—,,—,,—,,—,,—,,—,,—,,—,,—,,—,,—,,—,,—,,—,,—,,—,,—,,—,
  Baby & Family Care,,6,,8,,6,,5,,5,,2,,—,,4,,2,,8,,6,,8,,8,,5,,3,,1,,1,,0,,0,,-1,,10,,10,,9,,10,,8,,7,,8,,2,,0,,3,,—,,—,,—,,—,,—,,—,,—,,—,,—,,—,
Sales Change - Mix %,,—,,—,,—,,—,,—,,—,,—,,—,,—,,—,,—,,—,,—,,—,,—,,—,,—,,—,,—,,—,,—,,—,,—,,—,,—,,—,,—,,—,,—,,—,,—,,—,,—,,—,,—,,—,,—,,—,,—,,—,
"  Baby , Feminine & Family Care",,—,,—,,—,,—,,—,,—,,—,,—,,—,,—,,—,,—,,—,,—,,—,,—,,—,,—,,—,,—,,—,,—,,—,,—,,—,,—,,—,,—,,—,,—,,0,,-2,,-3,,0,,1,,0,,0,,0,,0,,2,
  Health Care,,-2,,-1,,0,,0,,-2,,3,,1,,0,,1,,1,,2,,-1,,0,,-1,,—,,-3,,-1,,-3,,-1,,1,,-2,,-3,,-3,,0,,0,,0,,0,,-2,,-2,,0,,-1,,1,,-1,,2,,2,,-1,,-3,,-3,,1,,1,
  Beauty,,—,,—,,—,,—,,—,,—,,—,,1,,1,,1,,2,,1,,1,,0,,0,,0,,0,,0,,-1,,1,,0,,-1,,-2,,-2,,-2,,-3,,-2,,-3,,-4,,-4,,-3,,-1,,0,,-1,,-1,,-1,,-1,,0,,0,,0,
  Fabric & Home Care,,-2,,-1,,-1,,0,,1,,0,,0,,-1,,0,,0,,-2,,-1,,-2,,-1,,-1,,0,,1,,-1,,-3,,1,,0,,-2,,-3,,-2,,-3,,-2,,-2,,-3,,-1,,-2,,-1,,1,,0,,-2,,-1,,1,,-1,,-1,,0,,0,
  Grooming,,—,,—,,—,,—,,—,,—,,—,,—,,—,,—,,—,,-1,,-5,,-2,,-1,,-2,,1,,-2,,-4,,0,,-2,,-3,,1,,0,,0,,0,,0,,1,,-2,,-2,,-1,,-1,,0,,-1,,0,,0,,-2,,-4,,-1,,-2,
  Health Care,,—,,—,,—,,—,,—,,—,,—,,—,,—,,—,,—,,—,,—,,—,,-2,,—,,—,,—,,—,,—,,—,,—,,—,,—,,—,,—,,—,,—,,—,,—,,—,,—,,—,,—,,—,,—,,—,,—,,—,,—,
  Blades & Razors,,—,,—,,—,,—,,—,,—,,—,,—,,2,,-2,,5,,—,,—,,—,,—,,—,,—,,—,,—,,—,,—,,—,,—,,—,,—,,—,,—,,—,,—,,—,,—,,—,,—,,—,,—,,—,,—,,—,,—,,—,
  Snacks & Coffee,,0,,0,,—,,-3,,-1,,0,,—,,—,,—,,—,,—,,—,,—,,—,,—,,—,,—,,—,,—,,—,,—,,—,,—,,—,,—,,—,,—,,—,,—,,—,,—,,—,,—,,—,,—,,—,,—,,—,,—,,—,
"  Pet Health, Snacks & Coffee",,—,,—,,—,,—,,—,,—,,—,,5,,1,,-2,,0,,—,,—,,—,,—,,—,,—,,—,,—,,—,,—,,—,,—,,—,,—,,—,,—,,—,,—,,—,,—,,—,,—,,—,,—,,—,,—,,—,,—,,—,
"  Snacks, Coffee and Pet Care",,—,,—,,—,,—,,—,,—,,—,,—,,—,,—,,—,,2,,0,,-1,,-3,,-2,,-1,,-2,,—,,1,,-2,,0,,-4,,-2,,-1,,-2,,0,,0,,-2,,—,,—,,—,,—,,—,,—,,—,,—,,—,,—,,—,
  P&G Beauty,,-1,,-1,,—,,-1,,0,,1,,—,,—,,—,,—,,—,,—,,—,,—,,—,,—,,—,,—,,—,,—,,—,,—,,—,,—,,—,,—,,—,,—,,—,,—,,—,,—,,—,,—,,—,,—,,—,,—,,—,,—,
  Duracell & Braun,,—,,—,,—,,—,,—,,—,,—,,—,,2,,-2,,-3,,—,,—,,—,,—,,—,,—,,—,,—,,—,,—,,—,,—,,—,,—,,—,,—,,—,,—,,—,,—,,—,,—,,—,,—,,—,,—,,—,,—,,—,
  Baby & Family Care,,1,,1,,0,,-2,,-2,,-2,,—,,-1,,0,,-2,,-2,,-1,,1,,1,,-1,,0,,-1,,0,,0,,0,,-2,,-2,,-3,,-3,,-2,,-2,,-2,,1,,0,,-2,,—,,—,,—,,—,,—,,—,,—,,—,,—,,—,
Sales Change - Other %,,—,,—,,—,,—,,—,,—,,—,,—,,—,,—,,—,,—,,—,,—,,—,,—,,—,,—,,—,,—,,—,,—,,—,,—,,—,,—,,—,,—,,—,,—,,—,,—,,—,,—,,—,,—,,—,,—,,—,,—,
  Health Care,,—,,—,,—,,—,,—,,—,,—,,—,,—,,—,,—,,—,,—,,—,,—,,—,,—,,—,,—,,—,,—,,—,,—,,—,,—,,—,,—,,—,,—,,—,,—,,—,,1,,1,,0,,0,,0,,0,,0,,0,
  Beauty,,—,,—,,—,,—,,—,,—,,—,,—,,—,,—,,—,,—,,—,,—,,—,,—,,—,,—,,—,,—,,—,,—,,—,,—,,—,,—,,—,,—,,—,,—,,—,,—,,-1,,0,,0,,0,,0,,0,,0,,0,
  Grooming,,—,,—,,—,,—,,—,,—,,—,,—,,—,,—,,—,,—,,—,,—,,—,,—,,—,,—,,—,,—,,—,,—,,—,,—,,—,,—,,—,,—,,—,,—,,—,,—,,-1,,-1,,0,,-1,,0,,0,,0,,0,
  Fabric & Home Care,,—,,—,,—,,—,,—,,—,,—,,—,,—,,—,,—,,—,,—,,—,,—,,—,,—,,—,,—,,—,,—,,—,,—,,—,,—,,—,,—,,—,,—,,—,,—,,—,,0,,0,,0,,0,,0,,0,,-1,,0,
"  Baby , Feminine & Family Care",,—,,—,,—,,—,,—,,—,,—,,—,,—,,—,,—,,—,,—,,—,,—,,—,,—,,—,,—,,—,,—,,—,,—,,—,,—,,—,,—,,—,,—,,—,,—,,—,,0,,0,,1,,0,,0,,0,,0,,-1,
Source: Bloomberg,,,,,,,,,,,,,,,,,,,,,,,,,,,,,,,,,,,,,,,,,,,,,,,,,,,,,,,,,,,,,,,,,,,,,,,,,,,,,,,,,
