Unnamed: 0,Unnamed: 1,Unnamed: 2,Unnamed: 3,Unnamed: 4,Unnamed: 5,Unnamed: 6,Unnamed: 7,Unnamed: 8,Unnamed: 9,Unnamed: 10,Unnamed: 11,Unnamed: 12,Unnamed: 13,Unnamed: 14,Unnamed: 15,Unnamed: 16,Unnamed: 17,Unnamed: 18,Unnamed: 19,Unnamed: 20,Unnamed: 21,Unnamed: 22,Unnamed: 23,Unnamed: 24,Unnamed: 25,Unnamed: 26,Unnamed: 27,Unnamed: 28,Unnamed: 29,Unnamed: 30,Unnamed: 31,Unnamed: 32,Unnamed: 33,Unnamed: 34,Unnamed: 35,Unnamed: 36,Unnamed: 37,Unnamed: 38,Unnamed: 39,Unnamed: 40,Unnamed: 41,Unnamed: 42,Unnamed: 43
CSX Corp (CSX US) - By Measure,,,,,,,,,,,,,,,,,,,,,,,,,,,,,,,,,,,,,,,,,,,
,,,,,,,,,,,,,,,,,,,,,,,,,,,,,,,,,,,,,,,,,,,
date,,FY 2003,,FY 2004,,FY 2005,,FY 2006,,FY 2007,,FY 2008,,FY 2009,,FY 2010,,FY 2011,,FY 2012,,FY 2013,,FY 2014,,FY 2015,,FY 2016,,FY 2017,,FY 2018,,FY 2019,,FY 2020,,FY 2021,,FY 2022,,FY 2023,
date,,12/26/2003,,12/31/2004,,12/30/2005,,12/29/2006,,12/28/2007,,12/26/2008,,12/25/2009,,12/31/2010,,12/30/2011,,12/28/2012,,12/27/2013,,12/26/2014,,12/25/2015,,12/30/2016,,12/31/2017,,12/31/2018,,12/31/2019,,12/31/2020,,12/31/2021,,12/31/2022,,12/31/2023,
Revenue,,7566,1.0,8040,1.0,8618,1.0,9566,1.0,10030,1.0,11255,1.0,9041,1.0,10636,1.0,11795,1.0,11756,1.0,12026,1.0,12669,1.0,11811,1.0,11069,1.0,11408,1.0,12250,1.0,11937,1.0,10583,1.0,12522,1.0,14853,1.0,14657,1.0
  Merchandise,,3694,0.49657211990859,3995,0.496890547263682,4228,0.49060106753307,4748,0.496341208446582,4990,0.497507477567298,5465,0.485561972456686,4875,0.539210264351289,5786,0.544001504324934,6302,0.536660137954526,6656,0.565842047096829,7037,0.585148844170963,7608,0.600520956665877,7271,0.615612564558462,7142,0.64522540428223,7068,0.619565217391304,7491,0.611510204081633,7589,0.635754377146687,7076,0.668619484078239,7539,0.602060373742214,8239,0.554702753652461,8653,0.59036637783994
    Chemicals,,989,0.132947976878613,1069,0.132960199004975,1089,0.126363425388721,1210,0.126489650846749,1313,0.130907278165503,1454,0.129187027987561,1267,0.140139365114478,1485,0.139620157954118,1596,0.135910755343609,1682,0.14299073365638,1896,0.157658406785299,2178,0.171915699739522,2284,0.193379053424774,2191,0.197940193332731,2210,0.193723702664797,2339,0.190938775510204,2349,0.196783111334506,2309,0.218180100160635,2421,0.193339722089123,2584,0.173971588231334,2599,0.177321416388074
    Agriculture & Food Product,,—,,—,,—,,—,,—,,—,,—,,—,,—,,—,,—,,—,,1345,0.113876894420456,1286,0.116180323425784,1262,0.11062412342216,1306,0.106612244897959,1410,0.118120130686102,1386,0.130964754795427,1461,0.116674652611404,1664,0.11203123948024,1657,0.11305178413045
    Automotive,,853,0.114665949724425,835,0.103855721393035,844,0.0979345555813414,847,0.0885427555927242,839,0.0836490528414756,784,0.0696579298089738,511,0.0565202964273864,800,0.0752162467092892,936,0.0797070595248233,1154,0.0981042251126413,1217,0.101197405621154,1213,0.0957455205620017,1175,0.0994835323003979,1261,0.113921763483603,1195,0.104751051893408,1267,0.103428571428571,1236,0.103543603920583,920,0.0869318718699802,886,0.070755470372145,1054,0.070962095199623,1219,0.0831684519342294
    Forest Products,,622,0.083613388896357,681,0.0847014925373134,717,0.083197957762822,773,0.0808070248797826,722,0.0719840478564307,793,0.0704575744113727,547,0.0605021568410574,600,0.0564121850319669,684,0.0582474665758324,722,0.0613788999404914,775,0.0644437053051721,819,0.0646459862656879,796,0.0673948014562696,773,0.0698346734122324,755,0.0661816269284713,850,0.0693877551020408,870,0.0728826338275949,834,0.0788056316734385,918,0.073310972688069,996,0.0670571601696627,1012,0.0690455072661527
    Metal & Equipment,,—,,—,,—,,—,,—,,—,,—,,—,,—,,—,,—,,—,,723,0.0612141224282449,704,0.0636010479718132,703,0.0616234221598878,769,0.0627755102040816,742,0.0621596716092821,675,0.0637815364263441,796,0.0635681201086088,828,0.0557463138759847,917,0.0625639626117214
    Minerals,,—,,—,,—,,—,,—,,—,,—,,—,,672,0.057225581197309,409,0.0347700416560401,432,0.035922168634625,459,0.036230168126924,459,0.0388620777241554,464,0.0419188725268769,477,0.041812762973352,518,0.0422857142857143,559,0.046829186562788,538,0.0508362468109232,587,0.0468774956077304,658,0.044300814650239,733,0.0500102340178754
    Fertilizers,,329,0.0442263745127033,341,0.0424129353233831,351,0.0407287073566953,354,0.0370060631402885,421,0.0419740777666999,461,0.0409595735228787,373,0.0412564981749806,465,0.0437194433997743,490,0.0417269862897045,512,0.0435263113151407,527,0.043821719607517,534,0.0421501302391665,489,0.0414020828041656,463,0.0418285301291896,466,0.0408485273492286,442,0.0360816326530612,423,0.0354360392058306,414,0.0391193423414911,470,0.0375339402651334,455,0.030633542045378,516,0.0352050214914375
    Housing and Construction,,—,,—,,—,,—,,—,,—,,1132,0.125207388563212,1215,0.114234674689733,1356,0.115473047773141,1393,0.118422171214826,1471,0.122318310327623,1587,0.125266398295051,1255,0.106256879180425,—,,—,,—,,—,,—,,—,,—,,—,
      Waste & Equipment,,—,,—,,—,,—,,—,,—,,—,,—,,—,,262,0.0222732296182947,264,0.0219524363878264,309,0.024390243902439,—,,—,,—,,—,,—,,—,,—,,—,,—,
      Emerging Markets,,471,0.063314961688399,504,0.0626865671641791,513,0.0595265722905546,580,0.0606314028852185,605,0.0603190428713858,714,0.0634384717903154,585,0.0647052317221546,615,0.0578224896577661,—,,—,,—,,—,,—,,—,,—,,—,,—,,—,,—,,—,,—,
    Agricultural,,—,,—,,—,,—,,—,,—,,1566,0.173210927994691,1766,0.166039864610756,1801,0.153367963893383,1792,0.152342089602992,1809,0.150424081157492,1929,0.152261425526877,1834,0.155278977224621,—,,—,,—,,—,,—,,—,,—,,—,
      Food and Consumer,,351,0.0471837612582336,377,0.0468905472636816,438,0.0508238570433975,477,0.0498641020280159,441,0.0439680957128614,281,0.0249666814749,233,0.0257714854551488,245,0.0230349755547198,263,0.0223963212126373,273,0.0232083652129559,269,0.0223682022285049,265,0.0209171994632568,—,,—,,—,,—,,—,,—,,—,,—,,—,
      Agriculture  Products,,497,0.0668100551149348,512,0.063681592039801,550,0.0638199118124855,681,0.0711896299393686,786,0.0783649052841476,1010,0.0897378942692137,960,0.106182944364561,1056,0.0992854456562618,1048,0.0892446563910415,1007,0.0856074130748959,1013,0.0842341593214701,1130,0.0891940958244534,—,,—,,—,,—,,—,,—,,—,,—,,—,
    Industrial,,—,,—,,—,,—,,—,,—,,2177,0.240791947793386,2805,0.263726965024445,3145,0.267819126288001,3471,0.29507778627901,3757,0.312406452685847,4092,0.32299313284395,4182,0.354076708153416,—,,—,,—,,—,,—,,—,,—,,—,
      Metals,,435,0.0584756015593494,511,0.0635572139303483,570,0.0661406358783941,673,0.0703533347271587,702,0.0699900299102692,752,0.0668147490004442,399,0.0441322862515209,520,0.048890560361038,613,0.0522013114195691,635,0.053982827509989,644,0.0535506402793946,701,0.0553319125424264,—,,—,,—,,—,,—,,—,,—,,—,,—,
  Coal,,1600,0.215082672402205,1780,0.221393034825871,2080,0.241355302854491,2378,0.248588751829396,2603,0.259521435692921,3285,0.291870279875611,2727,0.301625926335582,3267,0.30716434749906,3709,0.3158477390786,3190,0.271189322451755,2895,0.240728421752869,2849,0.224879627437051,2300,0.194733722800779,1833,0.165597614960701,2107,0.184694950911641,2246,0.18334693877551,2070,0.173410404624277,1397,0.132004157611263,1790,0.142948410796997,2434,0.163872618326264,2484,0.16947533601692
    Coal,,1543,0.207420352197876,1714,0.21318407960199,1992,0.231144116964493,2259,0.236148860547773,2483,0.247557328015952,3110,0.276321634828965,—,,—,,—,,—,,—,,—,,—,,—,,—,,—,,—,,—,,—,,—,,—,
    Coke and Iron Ore,,57,0.00766232020432854,66,0.0082089552238806,88,0.0102111858899977,119,0.0124398912816224,120,0.0119641076769691,175,0.0155486450466459,—,,—,,—,,—,,—,,—,,—,,—,,—,,—,,—,,—,,—,,—,,—,
  Intermodal,,1257,0.168974324505982,1346,0.167412935323383,1362,0.158041308888373,1412,0.147606104955049,1356,0.135194416749751,1466,0.13025322079076,1184,0.130958964716292,1291,0.121380218127115,1434,0.122115302733543,1594,0.13550964889909,1697,0.141110926326293,1790,0.141289762412187,1762,0.149182965032597,1726,0.155930978408167,1799,0.157696353436185,1931,0.157632653061224,1760,0.147440730501801,1702,0.160823962959463,2039,0.162833413192781,2306,0.155254830673938,2060,0.140547178822406
    International,,469,0.0630461083478962,795,0.0988805970149254,499,0.0579020654444187,580,0.0606314028852185,525,0.0523429710867398,509,0.045224344735673,—,,—,,—,,—,,—,,—,,—,,—,,—,,—,,—,,—,,—,,—,,—,
    Other,,4,0.000537706681005512,50,0.00621890547263682,125,0.0145045254119285,46,0.00480869747020698,24,0.00239282153539382,30,0.00266548200799645,—,,—,,—,,—,,—,,—,,—,,—,,—,,—,,—,,—,,—,,—,,—,
    Domestic,,784,0.10539050947708,501,0.0623134328358209,738,0.085634718032026,786,0.0821660045996237,807,0.0804586241276171,927,0.0823633940470902,—,,—,,—,,—,,—,,—,,—,,—,,—,,—,,—,,—,,—,,—,,—,
  Trucking,,—,,—,,—,,—,,—,,—,,—,,—,,—,,—,,—,,—,,—,,—,,—,,—,,0,,0,,410,0.0327423734227759,966,0.0650373661886488,882,0.0601760251074572
  Other,,35,0.00470493345879823,84,0.0104477611940299,104,0.0120677651427245,181,0.0189211791762492,242,0.0241276171485543,255,0.0226565970679698,255,0.0282048445968366,292,0.0274539300488906,298,0.0253768202333305,323,0.0274589815523251,397,0.0330118077498753,422,0.0333096534848844,478,0.0404707476081619,368,0.0332460023489023,434,0.0380434782608696,582,0.0475102040816327,518,0.0433944877272346,408,0.0385523953510347,744,0.0594154288452324,908,0.0611324311586885,578,0.0394350822132769
  Adjustment,,127,,—,,—,,—,,—,,—,,—,,—,,52,,-7,,—,,—,,—,,—,,—,,—,,—,,—,,—,,—,,—,
  Surface Transportation,,7439,1.0,8040,1.0,8618,1.0,9566,1.0,10030,1.0,—,,—,,—,,—,,—,,—,,—,,—,,—,,—,,—,,—,,—,,—,,—,,—,
  Rail,,6182,0.831025675494018,6694,0.832587064676617,7256,0.841958691111627,8154,0.852393895044951,8674,0.864805583250249,9789,0.86974677920924,—,,—,,—,,—,,—,,—,,—,,—,,—,,—,,—,,—,,—,,—,,—,
Sales Volume,,—,,—,,—,,—,,—,,—,,—,,—,,—,,—,,—,,—,,—,,—,,—,,—,,—,,5892000,1.0,6253000,1.0,6218000,1.0,6142000,1.0
  Intermodal,,—,,—,,—,,—,,—,,—,,—,,—,,—,,—,,—,,—,,—,,—,,—,,—,,—,,2720000,0.461642905634759,2976000,0.47593155285463,2963000,0.476519781280154,2766000,0.450341908173233
  Merchandise,,—,,—,,—,,—,,—,,—,,—,,—,,—,,—,,—,,—,,—,,—,,—,,—,,—,,2535000,0.430244399185336,2571000,0.411162641931873,2558000,0.411386297844966,2621000,0.426733962878541
    Chemicals,,—,,—,,—,,—,,—,,—,,—,,—,,—,,—,,—,,—,,—,,—,,—,,—,,—,,664000,0.112695179904956,659000,0.105389413081721,641000,0.103087809585076,642000,0.104526212959948
    Agriculture & Food Product,,—,,—,,—,,—,,—,,—,,—,,—,,—,,—,,—,,—,,—,,—,,—,,—,,—,,463000,0.078581126951799,467000,0.0746841516072285,481000,0.077356063042779,468000,0.0761966786063172
    Automotive,,—,,—,,—,,—,,—,,—,,—,,—,,—,,—,,—,,—,,—,,—,,—,,—,,—,,344000,0.0583842498302784,318000,0.0508555893171278,338000,0.0543583145706015,388000,0.06317160534028
    Minerals,,—,,—,,—,,—,,—,,—,,—,,—,,—,,—,,—,,—,,—,,—,,—,,—,,—,,321000,0.0544806517311609,325000,0.051975051975052,337000,0.0541974911547121,358000,0.0582872028655161
    Forest Products,,—,,—,,—,,—,,—,,—,,—,,—,,—,,—,,—,,—,,—,,—,,—,,—,,—,,278000,0.0471826205023761,296000,0.0473372781065089,291000,0.0467996140238019,284000,0.0462390100944318
    Metal & Equipment,,—,,—,,—,,—,,—,,—,,—,,—,,—,,—,,—,,—,,—,,—,,—,,—,,—,,239000,0.0405634758995248,277000,0.0442987366064289,267000,0.0429398520424574,282000,0.0459133832627809
    Fertilizers,,—,,—,,—,,—,,—,,—,,—,,—,,—,,—,,—,,—,,—,,—,,—,,—,,—,,226000,0.038357094365241,229000,0.0366224212378059,203000,0.0326471534255388,199000,0.0323998697492673
  Coal,,—,,—,,—,,—,,—,,—,,—,,—,,—,,—,,—,,—,,—,,—,,—,,—,,—,,637000,0.108112695179905,706000,0.112905805213498,697000,0.112093920874879,755000,0.122924128948225
  Trucking,,—,,—,,—,,—,,—,,—,,—,,—,,—,,—,,—,,—,,—,,—,,—,,—,,—,,0,,0,,0,,0,
  Other,,—,,—,,—,,—,,—,,—,,—,,—,,—,,—,,—,,—,,—,,—,,—,,—,,—,,0,,0,,0,,0,
Operating Income,,520,1.0,1000,1.0,1550,1.0,2138,1.0,2256,1.0,2768,1.0,2270,1.0,—,,—,,—,,—,,—,,—,,—,,—,,—,,—,,—,,—,,—,,—,
  Adjustment,,-131,,—,,—,,—,,—,,—,,-15,,—,,—,,—,,—,,—,,—,,—,,—,,—,,—,,—,,—,,—,,—,
  Surface Transportation,,651,1.0,993,0.993,1549,0.999354838709677,2126,0.994387277829748,2251,0.997783687943262,—,,—,,—,,—,,—,,—,,—,,—,,—,,—,,—,,—,,—,,—,,—,,—,
  Other,,0,,7,0.007,1,0.000645161290322581,12,0.00561272217025257,5,0.00221631205673759,—,,—,,—,,—,,—,,—,,—,,—,,—,,—,,—,,—,,—,,—,,—,,—,
  Intermodal,,110,0.168970814132104,152,0.152,248,0.16,268,0.125350795135641,260,0.115248226950355,290,0.104768786127168,162,0.0708971553610503,—,,—,,—,,—,,—,,—,,—,,—,,—,,—,,—,,—,,—,,—,
  Rail,,541,0.831029185867896,841,0.841,1301,0.839354838709677,1858,0.869036482694107,1991,0.882535460992908,2478,0.895231213872832,2123,0.92910284463895,—,,—,,—,,—,,—,,—,,—,,—,,—,,—,,—,,—,,—,,—,
Revenue Per Unit,,—,,—,,—,,—,,—,,—,,—,,—,,—,,—,,—,,—,,—,,—,,—,,—,,—,,—,,—,,—,,—,
  Coal,,—,,1281,,1150,,1257,,1398,,1748,,1756,,2077,,2419,,2473,,2423,,2258,,2164,,2187,,2464,,2532,,2456,,2193,,2535,,3492,,3301,
    Coal,,—,,1034,,1154,,1256,,1402,,1748,,—,,—,,—,,—,,—,,—,,—,,—,,—,,—,,—,,—,,—,,—,,4048,
    Coke and Iron Ore,,—,,929,,1060,,1266,,1319,,1750,,—,,—,,—,,—,,—,,—,,—,,—,,—,,—,,—,,—,,—,,—,,3589,
  Merchandise,,—,,1337,,1464,,1681,,1845,,2155,,2085,,2236,,2375,,2495,,2548,,2595,,2542,,2549,,2616,,2774,,2803,,2791,,2932,,3221,,3541,
    Chemicals,,—,,1895,,2043,,2292,,2515,,2949,,2988,,3221,,3455,,3571,,3564,,3513,,3146,,3130,,3289,,3465,,3507,,3477,,3674,,4031,,3229,
    Agriculture & Food Product,,—,,—,,—,,—,,—,,—,,—,,—,,—,,—,,—,,—,,2674,,2696,,2780,,2922,,3006,,2994,,3128,,3459,,3142,
    Forest Products,,—,,1467,,1633,,1913,,2051,,2305,,2120,,2264,,2434,,2524,,2601,,2668,,2745,,2821,,2860,,2982,,3049,,3000,,3101,,3423,,2593,
    Automotive,,—,,1643,,1730,,1829,,1911,,2286,,2184,,2353,,2593,,2715,,2817,,2789,,2611,,2616,,2615,,2737,,2711,,2674,,2786,,3118,,2047,
    Metal & Equipment,,—,,—,,—,,—,,—,,—,,—,,—,,—,,—,,—,,—,,2546,,2718,,2746,,2880,,2988,,2824,,2874,,3101,,—,
    Fertilizers,,—,,724,,791,,978,,1163,,1380,,1291,,1486,,1526,,1595,,1612,,1618,,1625,,1543,,1601,,1782,,1774,,1832,,2052,,2241,,—,
    Minerals,,—,,—,,—,,—,,—,,—,,—,,—,,—,,1515,,1571,,1567,,1500,,1497,,1549,,1644,,1642,,1676,,1806,,1953,,—,
    Waste & Equipment,,—,,—,,—,,—,,—,,—,,—,,—,,—,,1899,,1760,,1956,,—,,—,,—,,—,,—,,—,,—,,—,,—,
    Emerging Markets,,—,,994,,1016,,1107,,1232,,1466,,1444,,1471,,—,,—,,—,,—,,—,,—,,—,,—,,—,,—,,—,,—,,—,
    Metals,,—,,1342,,1579,,1849,,1977,,2231,,1995,,2140,,2313,,2414,,2458,,2540,,—,,—,,—,,—,,—,,—,,—,,—,,3290,
    Food and Consumer,,—,,1539,,1759,,1947,,2080,,2578,,2330,,2402,,2604,,2730,,2802,,2819,,—,,—,,—,,—,,—,,—,,—,,—,,—,
    Agriculture  Products,,—,,1436,,1541,,1715,,1917,,2338,,2243,,2368,,2472,,2556,,2597,,2697,,—,,—,,—,,—,,—,,—,,—,,—,,—,
  Intermodal,,—,,583,,629,,648,,642,,709,,623,,581,,626,,650,,657,,656,,621,,614,,633,,667,,659,,626,,685,,778,,745,
    International,,—,,392,,392,,453,,464,,509,,—,,—,,—,,—,,—,,—,,—,,—,,—,,—,,—,,—,,—,,—,,—,
    Other,,—,,0,,0,,0,,0,,0,,—,,—,,—,,—,,—,,—,,—,,—,,—,,—,,—,,—,,—,,—,,—,
    Domestic,,—,,772,,828,,875,,824,,867,,—,,—,,—,,—,,—,,—,,—,,—,,—,,—,,—,,—,,—,,—,,—,
  Trucking,,—,,—,,—,,—,,—,,—,,—,,—,,—,,—,,—,,—,,—,,—,,—,,—,,—,,0,,0,,0,,0,
  Other,,—,,0,,0,,0,,0,,0,,0,,0,,0,,0,,0,,0,,0,,0,,0,,0,,0,,0,,0,,0,,0,
  Surface Transportation,,—,,1067,,1173,,1300,,1409,,—,,—,,—,,—,,—,,—,,—,,—,,—,,—,,—,,—,,—,,—,,—,,—,
  Rail,,—,,1067,,1399,,1574,,1733,,2057,,—,,—,,—,,—,,—,,—,,—,,—,,—,,—,,—,,—,,—,,—,,—,
Revenue Per Unit Growth %,,—,,—,,—,,—,,—,,—,,—,,—,,—,,—,,—,,—,,—,,—,,—,,—,,—,,—,,—,,—,,—,
  Coal,,—,,—,,12,,9,,11,,25,,0,,18,,17,,2,,-2,,-7,,-4,,1,,13,,3,,-3,,-11,,16,,38,,2,
    Coal,,—,,—,,12,,9,,12,,25,,1,,—,,—,,—,,—,,—,,—,,—,,—,,—,,—,,—,,—,,—,,16,
    Coke and Iron Ore,,—,,—,,14,,19,,4,,33,,-3,,—,,—,,—,,—,,—,,—,,—,,—,,—,,—,,—,,—,,—,,5,
  Intermodal,,—,,—,,8,,3,,-1,,10,,-11,,-7,,8,,4,,1,,0,,-5,,-1,,3,,5,,-1,,-5,,9,,14,,5,
    International,,—,,—,,0,,6,,2,,10,,-11,,—,,—,,—,,—,,—,,—,,—,,—,,—,,—,,—,,—,,—,,4,
    Other,,—,,—,,0,,0,,0,,0,,0,,—,,—,,—,,—,,—,,—,,—,,—,,—,,—,,—,,—,,—,,2,
    Domestic,,—,,—,,7,,2,,-6,,5,,-15,,—,,—,,—,,—,,—,,—,,—,,—,,—,,—,,—,,—,,—,,1,
  Merchandise,,—,,—,,9,,15,,10,,17,,-4,,7,,6,,5,,2,,2,,-2,,0,,3,,6,,1,,0,,5,,10,,0,
    Automotive,,—,,—,,5,,6,,4,,20,,-4,,8,,10,,5,,4,,-1,,-6,,0,,0,,5,,-1,,-1,,4,,12,,—,
    Agriculture & Food Product,,—,,—,,—,,—,,—,,—,,—,,—,,—,,—,,—,,—,,—,,1,,3,,5,,3,,0,,4,,11,,—,
    Chemicals,,—,,—,,8,,12,,10,,17,,1,,8,,7,,3,,0,,-1,,-4,,-1,,5,,5,,1,,-1,,6,,10,,—,
    Forest Products,,—,,—,,11,,17,,7,,10,,-8,,7,,7,,4,,3,,3,,3,,3,,1,,4,,2,,0,,3,,10,,—,
    Fertilizers,,—,,—,,9,,24,,19,,19,,-6,,15,,3,,5,,1,,0,,0,,-5,,4,,11,,0,,2,,12,,9,,—,
    Minerals,,—,,—,,—,,—,,—,,—,,—,,—,,—,,—,,4,,0,,-4,,0,,3,,6,,0,,1,,8,,8,,0,
    Metal & Equipment,,—,,—,,—,,—,,—,,—,,—,,—,,—,,—,,—,,—,,—,,7,,1,,5,,4,,-5,,2,,8,,0,
    Waste & Equipment,,—,,—,,—,,—,,—,,—,,—,,—,,—,,—,,-7,,11,,4,,—,,—,,—,,—,,—,,—,,—,,-4,
    Emerging Markets,,—,,—,,2,,9,,11,,17,,-2,,2,,—,,7,,—,,—,,—,,—,,—,,—,,—,,—,,—,,—,,—,
    Metals,,—,,—,,18,,17,,7,,13,,-11,,7,,8,,4,,2,,3,,1,,—,,—,,—,,—,,—,,—,,—,,—,
    Food and Consumer,,—,,—,,14,,11,,7,,16,,-10,,3,,8,,5,,3,,1,,-1,,—,,—,,—,,—,,—,,—,,—,,—,
    Agriculture  Products,,—,,—,,7,,11,,12,,22,,-4,,6,,4,,3,,2,,4,,-2,,—,,—,,—,,—,,—,,—,,—,,-6,
  Trucking,,—,,—,,—,,—,,—,,—,,—,,—,,—,,—,,—,,—,,—,,—,,—,,—,,—,,—,,0,,0,,—,
  Other,,—,,—,,0,,0,,0,,0,,0,,0,,0,,0,,0,,0,,0,,0,,0,,0,,0,,0,,0,,0,,—,
  Surface Transportation,,—,,—,,10,,11,,8,,—,,—,,—,,—,,—,,—,,—,,—,,—,,—,,—,,—,,—,,—,,—,,—,
  Rail,,—,,—,,9,,13,,10,,19,,-2,,—,,—,,—,,—,,—,,—,,—,,—,,—,,—,,—,,—,,—,,—,
Revenue Growth %,,—,,—,,—,,—,,—,,—,,—,,—,,—,,—,,—,,—,,—,,—,,—,,—,,—,,—,,—,,—,,—,
  Trucking,,—,,—,,—,,—,,—,,—,,—,,—,,—,,—,,—,,—,,—,,—,,—,,—,,—,,—,,0,,136,,5,
  Coal,,—,,—,,18,,14,,9,,26,,-17,,20,,14,,-14,,-9,,-2,,-19,,-20,,15,,7,,-8,,-33,,28,,36,,16,
    Coal,,—,,—,,18,,13,,10,,25,,-16,,—,,—,,—,,—,,—,,—,,—,,—,,—,,—,,—,,—,,—,,13,
    Coke and Iron Ore,,—,,—,,35,,35,,1,,46,,-36,,—,,—,,—,,—,,—,,—,,—,,—,,—,,—,,—,,—,,—,,11,
  Other,,—,,—,,24,,74,,34,,5,,-8,,15,,2,,6,,23,,6,,13,,-23,,18,,34,,-11,,-21,,82,,22,,11,
  Intermodal,,—,,—,,3,,4,,-4,,8,,-18,,9,,11,,11,,6,,5,,-2,,-2,,4,,7,,-9,,-3,,20,,13,,2,
    International,,—,,—,,1,,6,,-9,,-3,,-31,,—,,—,,—,,—,,—,,—,,—,,—,,—,,—,,—,,—,,—,,1,
    Other,,—,,—,,150,,-10,,-48,,25,,-33,,—,,—,,—,,—,,—,,—,,—,,—,,—,,—,,—,,—,,—,,0,
    Domestic,,—,,—,,-6,,3,,3,,15,,-10,,—,,—,,—,,—,,—,,—,,—,,—,,—,,—,,—,,—,,—,,—,
  Merchandise,,—,,—,,8,,12,,5,,10,,-20,,19,,9,,6,,6,,8,,-4,,-2,,-1,,6,,1,,-7,,7,,9,,—,
    Automotive,,—,,—,,2,,0,,-1,,-7,,-35,,57,,17,,23,,5,,0,,-3,,7,,-5,,6,,-2,,-26,,-4,,19,,—,
    Agriculture & Food Product,,—,,—,,—,,—,,—,,—,,—,,—,,—,,—,,—,,—,,—,,-4,,-2,,3,,8,,-2,,5,,14,,—,
    Minerals,,—,,—,,—,,—,,—,,—,,—,,—,,—,,—,,6,,6,,2,,1,,3,,9,,6,,-4,,9,,12,,—,
    Forest Products,,—,,—,,7,,8,,-7,,-1,,-31,,10,,14,,6,,7,,6,,-3,,-3,,-2,,13,,3,,-4,,10,,8,,2,
    Chemicals,,—,,—,,4,,11,,9,,9,,-13,,17,,7,,5,,13,,15,,-4,,-4,,1,,6,,0,,-2,,5,,7,,—,
    Metal & Equipment,,—,,—,,—,,—,,—,,—,,—,,—,,—,,—,,—,,—,,—,,-3,,0,,9,,-4,,-9,,18,,4,,—,
    Fertilizers,,—,,—,,5,,1,,19,,10,,-19,,25,,5,,4,,3,,1,,-8,,-5,,1,,-5,,-2,,-2,,14,,-3,,-9,
    Waste & Equipment,,—,,—,,—,,—,,—,,—,,—,,—,,—,,—,,1,,17,,0,,—,,—,,—,,—,,—,,—,,—,,-11,
    Emerging Markets,,—,,—,,3,,13,,4,,4,,-18,,5,,—,,0,,—,,—,,—,,—,,—,,—,,—,,—,,—,,—,,—,
    Metals,,—,,—,,14,,18,,4,,7,,-47,,30,,18,,4,,1,,9,,-15,,—,,—,,—,,—,,—,,—,,—,,—,
    Food and Consumer,,—,,—,,18,,9,,-8,,7,,-17,,5,,7,,4,,-1,,-1,,-3,,—,,—,,—,,—,,—,,—,,—,,—,
    Agriculture  Products,,—,,—,,9,,24,,15,,28,,-5,,10,,-1,,-4,,1,,12,,-4,,—,,—,,—,,—,,—,,—,,—,,-36,
  Surface Transportation,,—,,—,,9,,11,,5,,—,,—,,—,,—,,—,,—,,—,,—,,—,,—,,—,,—,,—,,—,,—,,—,
  Rail,,—,,—,,10,,12,,6,,13,,-20,,—,,—,,—,,—,,—,,—,,—,,—,,—,,—,,—,,—,,—,,—,
Operating Ratio,,—,,—,,—,,—,,—,,—,,—,,—,,—,,—,,—,,—,,—,,—,,—,,—,,—,,—,,—,,—,,—,
  Surface Transportation,,—,,87.6,,82,,77.8,,77.6,,—,,—,,—,,—,,—,,—,,—,,—,,—,,—,,—,,—,,—,,—,,—,,—,
  Intermodal,,91.2,,88.7,,87.4,,81,,80.8,,80.2,,86.5,,—,,—,,—,,—,,—,,—,,—,,—,,—,,—,,—,,—,,—,,—,
  Rail,,91.2,,87.4,,82.1,,77.2,,77,,74.7,,72.9,,—,,—,,—,,—,,—,,—,,—,,—,,—,,—,,—,,—,,—,,—,
Transportation Fuel,,—,,—,,—,,—,,—,,—,,—,,—,,—,,—,,—,,—,,—,,713,1.0,864,1.0,1046,1.0,906,1.0,541,1.0,913,1.0,1626,1.0,1377,1.0
  Locomotive,,—,,—,,—,,—,,—,,—,,—,,—,,—,,—,,—,,—,,—,,647,0.907433380084151,785,0.908564814814815,967,0.924474187380497,823,0.908388520971302,496,0.916820702402957,807,0.883899233296824,1381,0.849323493234932,1169,0.848946986201888
  Non - Locomotive,,—,,—,,—,,—,,—,,—,,—,,—,,—,,—,,—,,—,,—,,66,0.0925666199158485,79,0.0914351851851852,79,0.0755258126195029,83,0.0916114790286976,45,0.0831792975970425,106,0.116100766703176,245,0.150676506765068,208,0.151053013798112
Total Operating Expense,,6788,1.0,7027,1.0,7069,1.0,7440,1.0,7779,1.0,8487,1.0,6756,1.0,—,,—,,—,,—,,—,,—,,—,,—,,—,,—,,—,,—,,—,,—,
  Surface Transportation,,6788,1.0,7027,1.0,7069,1.0,7440,1.0,7779,1.0,—,,—,,—,,—,,—,,—,,—,,—,,—,,—,,—,,—,,—,,—,,—,,—,
  Intermodal,,1147,0.168974661166765,1174,0.167069873345667,1114,0.157589475173292,1144,0.153763440860215,1096,0.14089214551999,1176,0.138564863909509,1042,0.154233274126702,—,,—,,—,,—,,—,,—,,—,,—,,—,,—,,—,,—,,—,,—,
  Rail,,5641,0.831025338833235,5853,0.832930126654333,5955,0.842410524826708,6296,0.846236559139785,6683,0.85910785448001,7311,0.861435136090491,5714,0.845766725873298,—,,—,,—,,—,,—,,—,,—,,—,,—,,—,,—,,—,,—,,—,
Assets,,21760,1.0,24605,1.0,24232,1.0,25129,1.0,25534,1.0,26288,1.0,26887,1.0,—,,—,,—,,—,,—,,—,,—,,—,,—,,—,,—,,—,,—,,—,
  Adjustment,,7206,,2846,,622,,733,,1072,,624,,421,,—,,—,,—,,—,,—,,—,,—,,—,,—,,—,,—,,—,,—,,—,
  Surface Transportation,,13534,0.92991617424763,20743,0.953306677696585,23487,0.994790343074968,24353,0.998237415969831,24462,1.0,—,,—,,—,,—,,—,,—,,—,,—,,—,,—,,—,,—,,—,,—,,—,,—,
  Other,,1020,0.0700838257523705,1016,0.0466933223034147,123,0.00520965692503177,43,0.00176258403016888,—,,—,,—,,—,,—,,—,,—,,—,,—,,—,,—,,—,,—,,—,,—,,—,,—,
  Intermodal,,611,0.0419815858183317,698,0.032078680086401,305,0.0129182549767048,276,0.0113133300541072,283,0.0115689641075955,321,0.0125077930174564,359,0.0135645734149475,—,,—,,—,,—,,—,,—,,—,,—,,—,,—,,—,,—,,—,,—,
  Rail,,12923,0.887934588429298,20045,0.921227997610184,23182,0.981872088098263,24077,0.986924085915724,24179,0.988431035892405,25343,0.987492206982544,26107,0.986435426585053,—,,—,,—,,—,,—,,—,,—,,—,,—,,—,,—,,—,,—,,—,
Sales Change - Volume %,,—,,—,,—,,—,,—,,—,,—,,—,,—,,—,,—,,—,,—,,—,,—,,—,,—,,—,,—,,—,,—,
  Trucking,,—,,—,,—,,—,,—,,—,,—,,—,,—,,—,,—,,—,,—,,—,,—,,—,,—,,—,,0,,0,,8,
  Other,,—,,—,,0,,0,,0,,0,,0,,0,,0,,0,,0,,0,,0,,0,,0,,0,,0,,0,,0,,0,,—,
  Intermodal,,—,,—,,-5,,1,,-3,,-2,,-8,,17,,3,,7,,5,,6,,4,,-1,,1,,2,,-8,,2,,9,,0,,—,
    International,,—,,—,,1,,1,,-12,,-12,,-22,,—,,—,,—,,—,,—,,—,,—,,—,,—,,—,,—,,—,,—,,2,
    Other,,—,,—,,0,,0,,0,,0,,0,,—,,—,,—,,—,,—,,—,,—,,—,,—,,—,,—,,—,,—,,15,
    Domestic,,—,,—,,-12,,1,,9,,9,,5,,—,,—,,—,,—,,—,,—,,—,,—,,—,,—,,—,,—,,—,,6,
  Coal,,—,,—,,6,,5,,-2,,1,,-16,,1,,-3,,-16,,-7,,6,,-16,,-21,,2,,4,,-5,,-24,,11,,-1,,6,
    Coal,,—,,—,,6,,4,,-2,,0,,-16,,—,,—,,—,,—,,—,,—,,—,,—,,—,,—,,—,,—,,—,,0,
    Coke and Iron Ore,,—,,—,,19,,13,,-3,,10,,-34,,—,,—,,—,,—,,—,,—,,—,,—,,—,,—,,—,,—,,—,,-2,
  Merchandise,,—,,—,,-2,,-2,,-4,,-6,,-17,,11,,3,,1,,4,,6,,-2,,-2,,-4,,0,,0,,-6,,1,,-1,,-3,
    Automotive,,—,,—,,-3,,-5,,-5,,-22,,-32,,45,,6,,18,,2,,1,,3,,7,,-5,,1,,-2,,-25,,-8,,6,,-3,
    Minerals,,—,,—,,—,,—,,—,,—,,—,,—,,—,,—,,2,,7,,6,,1,,-1,,2,,6,,-5,,1,,4,,—,
    Agriculture & Food Product,,—,,—,,—,,—,,—,,—,,—,,—,,—,,—,,—,,—,,—,,-5,,-5,,-2,,5,,-1,,1,,3,,—,
    Forest Products,,—,,—,,-4,,-8,,-13,,-11,,-25,,3,,6,,2,,4,,3,,-6,,-6,,-4,,8,,1,,-5,,6,,-2,,—,
    Chemicals,,—,,—,,-4,,-1,,-1,,-6,,-14,,9,,0,,2,,13,,17,,0,,-4,,-4,,0,,-1,,-1,,-1,,-3,,—,
    Metal & Equipment,,—,,—,,—,,—,,—,,—,,—,,—,,—,,—,,—,,—,,—,,-9,,-1,,4,,-7,,-4,,16,,-4,,—,
    Fertilizers,,—,,—,,-4,,-18,,0,,-8,,-13,,8,,3,,0,,2,,1,,-9,,0,,-3,,-15,,-2,,-4,,1,,-11,,0,
    Waste & Equipment,,—,,—,,—,,—,,—,,—,,—,,—,,—,,—,,9,,5,,-4,,—,,—,,—,,—,,—,,—,,—,,0,
    Emerging Markets,,—,,—,,1,,4,,-6,,-11,,-17,,3,,—,,-7,,—,,—,,—,,—,,—,,—,,—,,—,,—,,—,,-7,
    Metals,,—,,—,,-3,,1,,-2,,-5,,-41,,22,,9,,-1,,0,,5,,-16,,—,,—,,—,,—,,—,,—,,—,,—,
    Food and Consumer,,—,,—,,3,,-2,,-13,,-8,,-8,,2,,-1,,-1,,-4,,-2,,-2,,—,,—,,—,,—,,—,,—,,—,,—,
    Agriculture  Products,,—,,—,,2,,11,,3,,5,,-1,,4,,-5,,-7,,-1,,7,,-2,,—,,—,,—,,—,,—,,—,,—,,—,
  Surface Transportation,,—,,—,,-1,,0,,-3,,—,,—,,—,,—,,—,,—,,—,,—,,—,,—,,—,,—,,—,,—,,—,,—,
  Rail,,—,,—,,1,,0,,-3,,-5,,-18,,—,,—,,—,,—,,—,,—,,—,,—,,—,,—,,—,,—,,—,,—,
Depreciation and Amortization,,643,1.0,730,1.0,833,1.0,867,1.0,890,1.0,918,1.0,903,1.0,—,,—,,—,,—,,—,,—,,—,,—,,—,,—,,—,,—,,—,,—,
  Surface Transportation,,611,1.0,702,0.987341772151899,818,0.990314769975787,856,1.0,882,1.0,—,,—,,—,,—,,—,,—,,—,,—,,—,,—,,—,,—,,—,,—,,—,,—,
  Other,,—,,9,0.0126582278481013,8,0.00968523002421308,—,,—,,—,,—,,—,,—,,—,,—,,—,,—,,—,,—,,—,,—,,—,,—,,—,,—,
  Intermodal,,32,0.0523731587561375,38,0.0534458509142053,39,0.0472154963680387,38,0.044392523364486,34,0.0385487528344671,25,0.0276548672566372,4,0.00471142520612485,—,,—,,—,,—,,—,,—,,—,,—,,—,,—,,—,,—,,—,,—,
  Reconciliation,,32,,19,,7,,11,,8,,14,,54,,—,,—,,—,,—,,—,,—,,—,,—,,—,,—,,—,,—,,—,,—,
  Rail,,579,0.947626841243863,664,0.933895921237693,779,0.943099273607748,818,0.955607476635514,848,0.961451247165533,879,0.972345132743363,845,0.995288574793875,—,,—,,—,,—,,—,,—,,—,,—,,—,,—,,—,,—,,—,,—,
Capital Expenditures,,-1033,,-1003,,-1003,,-1620,,-1738,,-1734,,-1447,,—,,—,,—,,—,,—,,—,,—,,—,,—,,—,,—,,—,,—,,—,
  Surface Transportation,,-1021,0.98838334946757,-995,0.992023928215354,-995,0.992023928215354,-1620,1.0,-1738,1.0,—,,—,,—,,—,,—,,—,,—,,—,,—,,—,,—,,—,,—,,—,,—,,—,
  Other,,-12,0.0116166505324298,-8,0.00797607178464606,-8,0.00797607178464606,0,,—,,—,,—,,—,,—,,—,,—,,—,,—,,—,,—,,—,,—,,—,,—,,—,,—,
  Intermodal,,-47,0.0454985479186834,-22,0.0219341974077767,-22,0.0219341974077767,-28,0.0172839506172839,-60,0.0345224395857307,-62,0.0357554786620531,-44,0.0304077401520387,—,,—,,—,,—,,—,,—,,—,,—,,—,,—,,—,,—,,—,,—,
  Rail,,-974,0.942884801548887,-973,0.970089730807577,-973,0.970089730807577,-1592,0.982716049382716,-1678,0.965477560414269,-1672,0.964244521337947,-1403,0.969592259847961,—,,—,,—,,—,,—,,—,,—,,—,,—,,—,,—,,—,,—,,—,
    Other,,—,,—,,—,,—,,0,,—,,—,,—,,—,,—,,—,,—,,—,,—,,—,,—,,—,,—,,—,,—,,—,
Cargo Tonnes,,43000000,1.0,176200000,1.0,183300000,1.0,192500000,1.0,201000000,1.0,204100000,1.0,171600000,1.0,174400000,1.0,171100000,1.0,144500000,1.0,134200000,1.0,142900000,1.0,121300000,1.0,95600000,1.0,97300000,1.0,100400000,1.0,94800000,1.0,71500000,1.0,79000000,1.0,78100000,1.0,85000000,1.0
  Coal,,43000000,1.0,176200000,1.0,183300000,1.0,192500000,1.0,201000000,1.0,204100000,1.0,171600000,1.0,174400000,1.0,171100000,1.0,144500000,1.0,134200000,1.0,142900000,1.0,121300000,1.0,95600000,1.0,97300000,1.0,100400000,1.0,94800000,1.0,71500000,1.0,79000000,1.0,78100000,1.0,85000000,1.0
    Domestic,,40500000,0.941860465116279,162700000,0.923382519863791,170900000,0.932351336606656,179200000,0.930909090909091,173500000,0.86318407960199,165800000,0.81234688878001,143300000,0.835081585081585,136300000,0.781536697247706,122900000,0.718293395675044,96700000,0.669204152249135,90200000,0.672131147540984,103900000,0.727081875437369,90500000,0.746084089035449,69900000,0.731171548117155,61100000,0.627954779033916,57300000,0.570717131474104,56600000,0.59704641350211,42000000,0.587412587412587,46600000,0.589873417721519,45700000,0.585147247119078,45000000,0.529411764705882
      Other,,5100000,0.118604651162791,21700000,0.123155505107832,21100000,0.115111838516094,20800000,0.108051948051948,18600000,0.0925373134328358,17000000,0.0832925036746693,13500000,0.0786713286713287,14700000,0.0842889908256881,14100000,0.0824079485680888,—,,—,,—,,—,,—,,—,,—,,—,,—,,—,,—,,—,
"      Coke and Iron Ore, Other",,—,,—,,—,,—,,—,,—,,—,,—,,—,,25600000,0.177162629757785,24100000,0.179582712369598,26100000,0.182645206438069,24300000,0.200329760923331,—,,—,,—,,—,,—,,—,,—,,—,
      Utility,,35400000,0.823255813953488,141000000,0.800227014755959,149800000,0.817239498090562,158400000,0.822857142857143,154900000,0.770646766169154,148800000,0.729054385105341,129800000,0.756410256410256,121600000,0.697247706422018,108800000,0.635885447106955,71100000,0.492041522491349,66100000,0.492548435171386,77800000,0.5444366689993,66200000,0.545754328112119,—,,—,,—,,—,,—,,—,,—,,—,
    Export,,2500000,0.0581395348837209,13500000,0.0766174801362089,12400000,0.0676486633933442,13300000,0.0690909090909091,19900000,0.0990049751243781,30000000,0.146986771190593,22500000,0.131118881118881,30100000,0.172591743119266,40200000,0.234950321449445,47800000,0.330795847750865,44000000,0.327868852459016,39000000,0.272918124562631,30800000,0.253915910964551,25700000,0.268828451882845,36200000,0.372045220966084,43100000,0.429282868525896,38200000,0.40295358649789,29500000,0.412587412587413,32400000,0.410126582278481,32400000,0.414852752880922,40000000,0.470588235294118
      Thermal,,—,,—,,—,,—,,—,,—,,—,,—,,—,,24000000,0.166089965397924,19100000,0.142324888226528,15600000,0.109167249825052,11900000,0.0981038746908491,—,,—,,—,,—,,—,,—,,—,,—,
      Metallurgical,,—,,—,,—,,—,,—,,—,,—,,—,,—,,23800000,0.164705882352941,24900000,0.185543964232489,23400000,0.163750874737579,18900000,0.155812036273702,—,,—,,—,,—,,—,,—,,—,,—,
    Coke & Iron Ore,,—,,—,,—,,—,,7600000,0.0378109452736318,8300000,0.0406663400293974,5800000,0.0337995337995338,8000000,0.0458715596330275,8000000,0.0467562828755114,—,,—,,—,,—,,—,,—,,—,,—,,—,,—,,—,,—,
Carloads/Unit Volumes,,7283,1.0,7491,1.0,7491,1.0,7358,1.0,7116,1.0,6827,1.0,5793,1.0,6384,1.0,6476,1.0,6409,1.0,6539,1.0,6922,1.0,6761,1.0,6451,1.0,6400,1.0,6482,1.0,6220,1.0,5892,1.0,6253,1.0,6218,1.0,6142,1.0
  Intermodal,,2230,0.306192503089386,2306,0.307836069950607,2165,0.289013482846082,2179,0.296140255504213,2111,0.296655424395728,2069,0.30306137395635,1902,0.328327291558778,2223,0.348214285714286,2289,0.353458925262508,2451,0.382430956467468,2582,0.394861599632971,2728,0.3941057497833,2838,0.419760390474782,2811,0.435746395907611,2843,0.44421875,2895,0.446621413144091,2670,0.429260450160772,2720,0.461642905634759,2976,0.47593155285463,2963,0.476519781280154,2766,0.450341908173233
    International,,1170,0.16064808458053,1278,0.170604725670805,1274,0.170070751568549,1281,0.174096221799402,1132,0.159078133783024,1000,0.146477222791856,—,,—,,—,,—,,—,,—,,—,,—,,—,,—,,—,,—,,—,,—,,—,
    Other,,0,,0,,0,,0,,0,,0,,—,,—,,—,,—,,—,,—,,—,,—,,—,,—,,—,,—,,—,,—,,—,
    Domestic,,1060,0.145544418508856,1028,0.137231344279802,891,0.118942731277533,898,0.122044033704811,979,0.137577290612704,1069,0.156584151164494,—,,—,,—,,—,,—,,—,,—,,—,,—,,—,,—,,—,,—,,—,,—,
  Merchandise,,2889,0.396677193464232,2948,0.393538913362702,3029,0.404351888933387,2824,0.383799945637401,2704,0.379988757729061,2536,0.371466237000146,2338,0.403590540307267,2588,0.405388471177945,2654,0.40982087708462,2668,0.416289592760181,2762,0.422388744456339,2932,0.423577000866801,2860,0.42301434699009,2802,0.43435126337002,2702,0.4221875,2700,0.416538105522987,2707,0.435209003215434,2535,0.430244399185336,2571,0.411162641931873,2558,0.411386297844966,2621,0.426733962878541
    Chemicals,,541,0.0742825758615955,564,0.0752903484181017,533,0.0711520491256174,528,0.071758630062517,522,0.0733558178752108,493,0.0722132708363849,424,0.0731917831866045,461,0.0722117794486216,462,0.0713403335392217,471,0.0734904041192074,532,0.0813580058112861,620,0.0895694885871136,726,0.107380565005177,700,0.108510308479306,672,0.105,675,0.104134526380747,668,0.107395498392283,664,0.112695179904956,659,0.105389413081721,641,0.103087809585076,642,0.104526212959948
    Agriculture & Food Product,,—,,—,,—,,—,,—,,—,,—,,—,,—,,—,,—,,513,0.0741115284599827,503,0.0743972785090963,477,0.0739420244923268,454,0.0709375,447,0.0689601974699167,469,0.0754019292604502,463,0.078581126951799,467,0.0746841516072285,481,0.077356063042779,468,0.0761966786063172
    Automotive,,529,0.0726349031992311,507,0.0676812174609531,488,0.065144840475237,463,0.0629247078010329,439,0.0616919617762788,343,0.0502416874176066,234,0.0403935784567582,340,0.0532581453634085,361,0.0557442865966646,425,0.0663129973474801,432,0.066065147576082,435,0.0628431089280555,450,0.0665582014494897,482,0.0747170981243218,457,0.07140625,463,0.0714285714285714,456,0.0733118971061093,344,0.0583842498302784,318,0.0508555893171278,338,0.0543583145706015,388,0.06317160534028
    Minerals,,—,,—,,—,,—,,—,,—,,—,,—,,—,,270,0.0421282571383991,275,0.0420553601468114,451,0.0651545796012713,306,0.045259576985653,310,0.0480545651836925,308,0.048125,315,0.0485961123110151,335,0.0538585209003215,321,0.0544806517311609,325,0.051975051975052,337,0.0541974911547121,358,0.0582872028655161
    Forest Products,,459,0.0630234793354387,363,0.0484581497797357,439,0.0586036577226005,404,0.0549062245175319,352,0.0494659921304103,344,0.0503881646403984,258,0.0445365095805282,265,0.0415100250626566,281,0.0433909820877085,286,0.0446247464503043,298,0.0455727175409084,307,0.0443513435423288,290,0.0428930631563378,274,0.0424740350333282,264,0.04125,285,0.0439679111385375,288,0.0463022508038585,278,0.0471826205023761,296,0.0473372781065089,291,0.0467996140238019,284,0.0462390100944318
    Metal & Equipment,,—,,—,,—,,—,,—,,—,,—,,—,,—,,—,,—,,276,0.0398728691129731,284,0.0420056204703446,259,0.040148814137343,256,0.04,267,0.0411909904350509,248,0.0398713826366559,239,0.0405634758995248,277,0.0442987366064289,267,0.0429398520424574,282,0.0459133832627809
    Fertilizers,,460,0.0631607853906357,510,0.0680816980376452,585,0.0780937124549459,362,0.0491981516716499,362,0.0508712759977515,334,0.0489233924124799,289,0.0498877956153979,313,0.0490288220551378,321,0.0495676343421865,321,0.0500858168200967,327,0.0500076464291176,330,0.0476740826350766,301,0.044520041413992,300,0.0465044179197024,291,0.04546875,248,0.0382597963591484,243,0.0390675241157556,226,0.038357094365241,229,0.0366224212378059,203,0.0326471534255388,199,0.0323998697492673
    Housing and Construction,,—,,—,,—,,—,,—,,—,,663,0.114448472294148,683,0.106986215538847,720,0.111179740580605,694,0.108285223903885,723,0.110567365040526,758,0.1095059231436,596,0.0881526401419908,—,,—,,—,,—,,—,,—,,—,,—,
      Waste & Equipment,,—,,—,,—,,—,,—,,—,,—,,—,,—,,138,0.0215322203151818,150,0.0229392873528062,—,,—,,—,,—,,—,,—,,—,,—,,—,,—,
      Emerging Markets,,476,0.0653576822737883,506,0.0675477239353891,505,0.0674142304098251,524,0.0712150040771949,491,0.0689994378864531,487,0.0713344074996338,405,0.0699119627136199,418,0.0654761904761905,439,0.0677887584928969,—,,—,,—,,—,,—,,—,,—,,—,,—,,—,,—,,—,
    Agricultural,,—,,—,,—,,—,,—,,—,,817,0.141032280338339,861,0.134868421052632,846,0.130636195182211,815,0.127164924325168,813,0.12433093745221,843,0.121785611095059,804,0.118917319923088,—,,—,,—,,—,,—,,—,,—,,—,
      Food and Consumer,,242,0.0332280653576823,242,0.0323054331864905,249,0.0332398878654385,245,0.0332970916009785,212,0.0297920179876335,109,0.0159660172843123,100,0.0172622130157086,102,0.0159774436090226,101,0.0155960469425571,100,0.0156030581994071,96,0.014681143905796,—,,—,,—,,—,,—,,—,,—,,—,,—,,—,
      Agriculture  Products,,363,0.0498420980365234,356,0.0475236951007876,357,0.0476571886263516,397,0.0539548790432183,410,0.0576166385609893,432,0.0632781602460817,428,0.0738822717072329,446,0.0698621553884712,424,0.0654725138974676,394,0.0614760493056639,390,0.0596421471172962,—,,—,,—,,—,,—,,—,,—,,—,,—,,—,
    Industrial,,—,,—,,—,,—,,—,,—,,858,0.14810978767478,1044,0.163533834586466,1088,0.168004941321804,1159,0.180839444531128,1226,0.187490441963603,1331,0.192285466628142,1460,0.215944386925011,—,,—,,—,,—,,—,,—,,—,,—,
      Metals,,348,0.0477825072085679,407,0.0543318649045521,361,0.0481911627286077,364,0.049469964664311,355,0.0498875772906127,337,0.0493628240808554,200,0.0345244260314172,243,0.0380639097744361,265,0.0409203211859172,263,0.0410360430644406,262,0.0400672885762349,—,,—,,—,,—,,—,,—,,—,,—,,—,,—,
  Coal,,1635,0.224495400247151,1730,0.230943799225738,1809,0.241489787745294,1892,0.257135091057353,1862,0.261663856098932,1879,0.275230701625897,1553,0.268082168133955,1573,0.246397243107769,1533,0.236720197652872,1290,0.201279450772351,1195,0.18274965591069,1262,0.182317249349899,1063,0.157225262535128,838,0.129902340722369,855,0.13359375,887,0.136840481332922,843,0.135530546623794,637,0.108112695179905,706,0.112905805213498,697,0.112093920874879,755,0.122924128948225
    Coal,,1570,0.215570506659344,1659,0.221465758910693,1726,0.230409825123482,1798,0.244359880402283,1771,0.248875772906127,1779,0.260582979346712,—,,—,,—,,—,,—,,—,,—,,—,,—,,—,,—,,—,,—,,—,,—,
    Coke and Iron Ore,,65,0.00892489358780722,71,0.00947804031504472,83,0.0110799626218128,94,0.0127752106550693,91,0.0127880831928049,100,0.0146477222791856,—,,—,,—,,—,,—,,—,,—,,—,,—,,—,,—,,—,,—,,—,,—,
  Trucking,,—,,—,,—,,—,,—,,—,,—,,—,,—,,—,,—,,—,,—,,—,,—,,—,,—,,0,,0,,0,,0,
  Other,,0,,0,,0,,0,,0,,0,,0,,0,,0,,0,,0,,0,,0,,0,,0,,0,,0,,0,,0,,0,,0,
  Surface Transportation,,7283,1.0,7491,1.0,7491,1.0,7358,1.0,7116,1.0,—,,—,,—,,—,,—,,—,,—,,—,,—,,—,,—,,—,,—,,—,,—,,—,
  Rail,,5053,0.693807496910614,5185,0.692163930049393,5326,0.710986517153918,5179,0.703859744495787,5005,0.703344575604272,4758,0.69693862604365,—,,—,,—,,—,,—,,—,,—,,—,,—,,—,,—,,—,,—,,—,,—,
Revenue Ton-Miles / Kms,,233900,1.0,248500,1.0,246800,1.0,253100,1.0,247900,1.0,246100,1.0,209400,1.0,229000,1.0,228700,1.0,219600,1.0,226600,1.0,245200,1.0,229400,1.0,207500,1.0,208100,1.0,202900,1.0,196000,1.0,182600,1.0,193200,1.0,189800,1.0,193700,1.0
  Merchandise,,133100,0.569046601111586,139400,0.560965794768612,136400,0.552674230145867,139200,0.549980244962465,135400,0.5461879790238,131900,0.535960991466883,116900,0.558261700095511,129200,0.564192139737991,130600,0.571053782247486,128200,0.583788706739526,137000,0.604589585172109,148600,0.606035889070147,144900,0.631647776809067,134600,0.648674698795181,131900,0.633829889476213,128100,0.631345490389354,128000,0.653061224489796,124400,0.681270536692223,126300,0.653726708074534,126000,0.663856691253952,128000,0.660815694372741
  Coal,,70300,0.300555793073963,77900,0.313480885311871,81100,0.328606158833063,84800,0.33504543658633,85900,0.346510689794272,89500,0.363673303535148,75200,0.359121298949379,79400,0.346724890829694,76500,0.334499344118933,66800,0.304189435336976,64600,0.285083848190644,69500,0.283442088091354,56300,0.245422842197036,45100,0.217349397590361,47300,0.227294569918309,45500,0.224248398225727,41100,0.20969387755102,30100,0.164841182913472,35400,0.183229813664596,33800,0.178082191780822,37400,0.193082085699535
  Intermodal,,21600,0.0923471569046601,22400,0.0901408450704225,20700,0.0838735818476499,20900,0.0825760568945081,18900,0.0762404195240016,18800,0.0763917106867127,17300,0.0826170009551098,20400,0.0890829694323144,21600,0.0944468736335811,24600,0.112021857923497,25000,0.110326566637246,27100,0.110522022838499,28200,0.122929380993897,27800,0.133975903614458,28900,0.138875540605478,29300,0.144406111384919,26900,0.137244897959184,28100,0.153888280394304,31500,0.16304347826087,30000,0.158061116965227,28300,0.146102219927723
  Surface Transportation,,233900,1.0,248500,1.0,246800,1.0,253100,1.0,247900,1.0,—,,—,,—,,—,,—,,—,,—,,—,,—,,—,,—,,—,,—,,—,,—,,—,
  Rail,,212300,0.90765284309534,226100,0.909859154929577,226100,0.91612641815235,232200,0.917423943105492,229000,0.923759580475998,227300,0.923608289313287,—,,—,,—,,—,,—,,—,,—,,—,,—,,—,,—,,—,,—,,—,,—,
    Automotive,,8900,0.0380504489097905,8800,0.0354124748490946,8600,0.0348460291734198,8200,0.032398261556697,7700,0.0310609116579266,5900,0.0239739943112556,—,,—,,—,,—,,—,,—,,—,,—,,—,,—,,—,,—,,—,,—,,—,
Total Miles (Kilometers),,—,,—,,—,,37197,1.0,37375,1.0,37324,1.0,37279,1.0,37131,1.0,37012,1.0,36609,1.0,36752,1.0,36711,1.0,36891,1.0,36863,1.0,36768,1.0,36557,1.0,36030,1.0,35485,1.0,35305,1.0,35750,1.0,35489,1.0
  Mainline Track,,—,,—,,—,,26629,0.715891066483856,26712,0.714702341137124,26753,0.716777408637874,26743,0.717374393089943,26642,0.717513667824729,26546,0.717226845347455,26215,0.716080745171952,26411,0.718627557683936,26391,0.718885347715943,26565,0.720094331950882,26530,0.719691831918184,26500,0.720735422106179,26286,0.71904149684055,25793,0.715875659172912,25300,0.712977314358179,25140,0.712080441863759,25541,0.714433566433566,25323,0.713545042125729
  Terminals and Switching Yards,,—,,—,,—,,9550,0.256741135037772,9626,0.257551839464883,9602,0.257260743757368,9578,0.256927492690255,9561,0.257493738385715,9556,0.25818653409705,9466,0.258570296921522,9420,0.256312581628211,9397,0.255972324371442,9390,0.254533626087664,9396,0.254889726826357,9348,0.254242819843342,9350,0.255764969773231,9316,0.258562309186789,9289,0.261772579963365,9278,0.262795638011613,9308,0.260363636363636,9270,0.261207698159993
  Passing Sidings and Turnouts,,—,,—,,—,,1018,0.0273677984783719,1037,0.0277458193979933,969,0.0259618476047583,958,0.025698114219802,928,0.0249925937895559,910,0.0245866205554955,928,0.0253489579065257,921,0.0250598606878537,923,0.0251423279126147,936,0.025372041961454,937,0.0254184412554594,920,0.0250217580504787,921,0.0251935333862188,921,0.0255620316402997,896,0.0252501056784557,887,0.0251239201246282,901,0.0252027972027972,896,0.0252472597142777
Average Age of Locomotives,,—,,—,,—,,—,,—,,—,,—,,—,,—,,—,,—,,—,,—,,—,,—,,—,,—,,—,,—,,—,,—,
  Switching,,—,,—,,—,,—,,—,,—,,—,,32,,32,,32,,33,,35,,35,,37,,37,,37,,42,,42,,43,,45,,46,
  Auxiliary Units,,—,,—,,—,,—,,—,,—,,—,,50,,19,,19,,21,,22,,23,,24,,24,,24,,27,,28,,29,,29,,30,
  Freight,,—,,—,,—,,—,,—,,—,,—,,20,,20,,20,,20,,21,,20,,20,,20,,20,,20,,21,,22,,23,,23,
Source: Bloomberg,,,,,,,,,,,,,,,,,,,,,,,,,,,,,,,,,,,,,,,,,,,
