Unnamed: 0,Unnamed: 1,Unnamed: 2,Unnamed: 3,Unnamed: 4,Unnamed: 5,Unnamed: 6,Unnamed: 7,Unnamed: 8,Unnamed: 9,Unnamed: 10,Unnamed: 11,Unnamed: 12,Unnamed: 13,Unnamed: 14,Unnamed: 15,Unnamed: 16,Unnamed: 17,Unnamed: 18,Unnamed: 19,Unnamed: 20,Unnamed: 21,Unnamed: 22,Unnamed: 23,Unnamed: 24,Unnamed: 25,Unnamed: 26,Unnamed: 27,Unnamed: 28,Unnamed: 29,Unnamed: 30,Unnamed: 31,Unnamed: 32,Unnamed: 33,Unnamed: 34,Unnamed: 35,Unnamed: 36,Unnamed: 37,Unnamed: 38,Unnamed: 39,Unnamed: 40,Unnamed: 41,Unnamed: 42,Unnamed: 43,Unnamed: 44,Unnamed: 45,Unnamed: 46,Unnamed: 47,Unnamed: 48,Unnamed: 49,Unnamed: 50,Unnamed: 51,Unnamed: 52,Unnamed: 53,Unnamed: 54,Unnamed: 55,Unnamed: 56,Unnamed: 57,Unnamed: 58,Unnamed: 59,Unnamed: 60,Unnamed: 61,Unnamed: 62,Unnamed: 63,Unnamed: 64,Unnamed: 65,Unnamed: 66,Unnamed: 67,Unnamed: 68,Unnamed: 69,Unnamed: 70,Unnamed: 71,Unnamed: 72,Unnamed: 73,Unnamed: 74,Unnamed: 75,Unnamed: 76,Unnamed: 77,Unnamed: 78,Unnamed: 79
Alphabet Inc (GOOGL US) - By Measure,,,,,,,,,,,,,,,,,,,,,,,,,,,,,,,,,,,,,,,,,,,,,,,,,,,,,,,,,,,,,,,,,,,,,,,,,,,,,,,
,,,,,,,,,,,,,,,,,,,,,,,,,,,,,,,,,,,,,,,,,,,,,,,,,,,,,,,,,,,,,,,,,,,,,,,,,,,,,,,
date,,Q4 2004,,Q1 2005,,Q2 2005,,Q3 2005,,Q4 2005,,Q1 2006,,Q2 2006,,Q3 2006,,Q4 2006,,Q1 2007,,Q2 2007,,Q3 2007,,Q4 2007,,Q1 2008,,Q2 2008,,Q3 2008,,Q4 2008,,Q1 2009,,Q2 2009,,Q3 2009,,Q4 2009,,Q1 2010,,Q2 2010,,Q3 2010,,Q4 2010,,Q1 2011,,Q2 2011,,Q3 2011,,Q4 2011,,Q1 2012,,Q2 2012,,Q3 2012,,Q4 2012,,Q1 2013,,Q2 2013,,Q3 2013,,Q4 2013,,Q1 2014,,Q2 2014,
date,,12/31/2004,,03/31/2005,,06/30/2005,,09/30/2005,,12/31/2005,,03/31/2006,,06/30/2006,,09/30/2006,,12/31/2006,,03/31/2007,,06/30/2007,,09/30/2007,,12/31/2007,,03/31/2008,,06/30/2008,,09/30/2008,,12/31/2008,,03/31/2009,,06/30/2009,,09/30/2009,,12/31/2009,,03/31/2010,,06/30/2010,,09/30/2010,,12/31/2010,,03/31/2011,,06/30/2011,,09/30/2011,,12/31/2011,,03/31/2012,,06/30/2012,,09/30/2012,,12/31/2012,,03/31/2013,,06/30/2013,,09/30/2013,,12/31/2013,,03/31/2014,,06/30/2014,
Revenue,,1031.500977,1.0,1256.516,1.0,1384.495,1.0,1578.456,1.0,1919.093,1.0,2253.755,1.0,2455.991,1.0,2689.673,1.0,3205.498,1.0,3663.971,1.0,3871.985,1.0,4231.351,1.0,4826.679,1.0,5186.043,1.0,5367.212,1.0,5541.391,1.0,5700.904,1.0,5508.99,1.0,5522.897,1.0,5944.851,1.0,6673.825,1.0,6775,1.0,6820,1.0,7286,1.0,8440,1.0,8575,1.0,9026,1.0,9720,1.0,10584,1.0,10645,1.0,11807,1.0,13304,1.0,14419,1.0,12951,1.0,13107,1.0,13754,1.0,—,,15420,1.0,15955,1.0
  Internet Media,,1031.500977,1.0,1256.516,1.0,1384.495,1.0,1578.456,1.0,1919.093,1.0,2253.755,1.0,2455.991,1.0,2689.673,1.0,3205.498,1.0,3663.971,1.0,3871.985,1.0,4231.351,1.0,4826.679,1.0,5186.043,1.0,5367.212,1.0,5541.391,1.0,5700.904,1.0,5508.99,1.0,5522.897,1.0,5944.851,1.0,6673.825,1.0,6775,1.0,6820,1.0,7286,1.0,8440,1.0,8575,1.0,9026,1.0,9720,1.0,10584,1.0,10645,1.0,10964,0.928601676971288,11526,0.866355983162958,14419,1.0,12951,1.0,13107,1.0,13754,1.0,—,,15420,1.0,15955,1.0
  Motorola,,—,,—,,—,,—,,—,,—,,—,,—,,—,,—,,—,,—,,—,,—,,—,,—,,—,,—,,—,,—,,—,,—,,—,,—,,—,,—,,0,,0,,—,,—,,—,,—,,—,,—,,—,,—,,—,,—,,—,
  Unallocated items,,—,,—,,—,,—,,—,,—,,—,,—,,—,,—,,—,,—,,—,,—,,—,,—,,—,,—,,—,,—,,—,,—,,—,,—,,—,,—,,—,,—,,—,,—,,—,,0,,—,,—,,—,,—,,—,,—,,—,
  Motorola Mobile,,—,,—,,—,,—,,—,,—,,—,,—,,—,,—,,—,,—,,—,,—,,—,,—,,—,,—,,—,,—,,—,,—,,—,,—,,—,,—,,—,,—,,0,,0,,843,0.0713983230287118,1778,0.133644016837041,—,,—,,—,,—,,—,,—,,—,
Revenue - Supplementary Breakdown,,1031.501,1.0,1256.516,1.0,1384.495,1.0,1578.456,1.0,1919.093,1.0,2253.8,1.0,2456,1.0,2689.7,1.0,3205.498,1.0,3664,1.0,3872,1.0,4231.4,1.0,4826.679,1.0,5186,1.0,5367.2,1.0,5541.4,1.0,5700.9,1.0,5509,1.0,5523,1.0,5945,1.0,6674,1.0,6775,1.0,6820,1.0,7286,1.0,8440,1.0,8575,1.0,9026,1.0,9720,1.0,10584,1.0,10645,1.0,11807,1.0,13304,1.0,14419,1.0,12951,1.0,13107,1.0,13754,1.0,15707,1.0,15420,1.0,15955,1.0
  Advertising,,1020.38,0.989218624121547,1241.112,0.987740705251664,1367.414,0.987662649558142,1559.691,0.988111800392282,1896.786,0.98837627983636,2225.7,0.987532167894223,2429,0.989006514657981,2663,0.990073242369037,3174.909,0.990457332994748,3627.5,0.990038209606987,3838.4,0.991322314049587,4189.5,0.990097839958406,4757.375,0.985641473153694,5086.5,0.980813729271115,5185.4,0.96612758980474,5352,0.965820911682968,5504.6,0.965566840323458,5331,0.96768923579597,5337,0.966322650733297,5757,0.968376787216148,6465,0.968684447108181,6475,0.955719557195572,6562,0.96217008797654,7032,0.965138622014823,8167,0.967654028436019,8306,0.968629737609329,8716,0.965654775094172,9335,0.960390946502058,10174,0.961262282690854,10225,0.960544856740254,10525,0.89142034386381,10860,0.816295850871918,13086,0.907552534849851,11902,0.919002393637557,12061,0.920195315480278,12524,0.910571470117784,14073,0.895969949703954,13997,0.907717250324254,14498,0.908680664368537
    Google Web Sites,,530.387,0.514189516054759,656.997,0.522871972979254,737.172,0.532448293421067,884.679,0.560471118612112,1098.213,0.572256268977064,1297.3,0.57560564380158,1432.4,0.583224755700326,1626,0.604528386065361,1977.042,0.616765944012444,2282.1,0.622843886462882,2486.3,0.642122933884298,2734.8,0.646310913645602,3121.539,0.646726040824343,3400.4,0.655688391824142,3530.1,0.657717245491131,3672.1,0.662666474176201,3811.2,0.66852602220702,3693,0.670357596660011,3653,0.661415897157342,3956,0.665433137089992,4421,0.662421336529817,4439,0.65520295202952,4499,0.659677419354839,4833,0.663326928355751,5672,0.672037914691943,5879,0.685597667638484,6232,0.690449811655218,6740,0.693415637860082,7294,0.689153439153439,7312,0.686895255988727,7542,0.63877360887609,7727,0.580802766085388,9145,0.634232609751023,8640,0.667129951355108,8868,0.676585030899519,9376,0.681692598516795,10551,0.671738715222512,10469,0.678923476005188,10935,0.685365089313695
    Google Network Members' Websites,,489.993,0.475029108066788,584.115,0.46486873227241,630.242,0.455214356137075,675.012,0.42764068178017,798.573,0.416120010859297,928.4,0.411926524092644,996.6,0.405781758957655,1037,0.385544856303677,1197.867,0.373691388982305,1345.4,0.367194323144105,1352.1,0.349199380165289,1454.7,0.343786926312804,1635.836,0.338915432329351,1686.1,0.325125337446973,1655.3,0.308410344313609,1679.9,0.303154437506767,1693.4,0.297040818116438,1638,0.297331639135959,1684,0.304906753575955,1801,0.302943650126156,2044,0.306263110578364,2036,0.300516605166052,2063,0.302492668621701,2199,0.301811693659072,2495,0.295616113744076,2427,0.283032069970845,2484,0.275204963438954,2595,0.266975308641975,2880,0.272108843537415,2913,0.273649600751527,2983,0.252646734987719,3133,0.23549308478653,3941,0.273319925098828,3262,0.251872442282449,3193,0.243610284580758,3148,0.228878871600989,3522,0.224231234481441,3528,0.228793774319066,3563,0.223315575054842
  Other,,11.121,0.0107813758784529,15.404,0.0122592947483359,17.081,0.0123373504418579,18.765,0.0118881996077179,22.307,0.0116237201636398,28.1,0.0124678321057769,27,0.0109934853420195,26.7,0.00992675763096256,30.589,0.0095426670052516,36.5,0.0099617903930131,33.6,0.00867768595041322,41.9,0.0099021600415938,69.304,0.0143585268463057,99.5,0.0191862707288855,181.8,0.0338724101952601,189.4,0.0341790883170318,196.3,0.0344331596765423,178,0.0323107642040298,186,0.0336773492667029,188,0.031623212783852,209,0.031315552891819,300,0.044280442804428,258,0.0378299120234604,254,0.034861377985177,273,0.032345971563981,269,0.0313702623906706,310,0.0343452249058276,385,0.0396090534979424,410,0.0387377173091459,420,0.0394551432597464,439,0.0371813331074786,666,0.0500601322910403,1333,0.0924474651501491,1049,0.0809976063624431,1046,0.0798046845197223,1230,0.0894285298822161,1634,0.104030050296046,1423,0.0922827496757458,1457,0.0913193356314635
  Motorola,,—,,—,,—,,—,,—,,—,,—,,—,,—,,—,,—,,—,,—,,—,,—,,—,,—,,—,,—,,—,,—,,—,,—,,—,,—,,—,,0,,0,,—,,—,,—,,—,,—,,—,,—,,—,,—,,—,,—,
  Motorola Mobile,,—,,—,,—,,—,,—,,—,,—,,—,,—,,—,,—,,—,,—,,—,,—,,—,,—,,—,,—,,—,,—,,—,,—,,—,,—,,—,,—,,—,,0,,0,,843,0.0713983230287118,1778,0.133644016837041,—,,—,,—,,—,,—,,—,,—,
Percentage of Revenue,,—,,—,,—,,—,,—,,—,,—,,—,,—,,—,,—,,—,,—,,—,,—,,—,,—,,—,,—,,—,,—,,—,,—,,—,,—,,—,,—,,—,,—,,—,,—,,—,,—,,—,,—,,—,,—,,—,,—,
  Motorola,,—,,—,,—,,—,,—,,—,,—,,—,,—,,—,,—,,—,,—,,—,,—,,—,,—,,—,,—,,—,,—,,—,,—,,—,,—,,—,,0,,0,,—,,—,,—,,—,,—,,—,,—,,—,,—,,—,,—,
  Google,,—,,—,,—,,—,,—,,—,,—,,—,,—,,—,,—,,—,,—,,—,,—,,—,,—,,—,,—,,—,,—,,—,,—,,—,,100,,—,,100,,100,,100,,100,,92.9,,86.6,,—,,—,,—,,—,,—,,—,,—,
  Motorola Mobile,,—,,—,,—,,—,,—,,—,,—,,—,,—,,—,,—,,—,,—,,—,,—,,—,,—,,—,,—,,—,,—,,—,,—,,—,,—,,—,,—,,—,,0,,0,,7.1,,13.4,,—,,—,,—,,—,,—,,—,,—,
% of Revenue - Supplementary,,—,,—,,—,,—,,—,,—,,—,,—,,—,,—,,—,,—,,—,,—,,—,,—,,—,,—,,—,,—,,—,,—,,—,,—,,—,,—,,—,,—,,—,,—,,—,,—,,—,,—,,—,,—,,—,,—,,—,
  Advertising,,99,,99,,99,,99,,99,,99,,99,,99,,99,,99,,99,,99,,99,,98,,97,,97,,97,,97,,97,,97,,97,,96,,96,,97,,97,,97,,97,,96,,96,,96,,96,,94.2,,94,,91.9,,92,,91.1,,90,,90.8,,90.9,
    Google Web Sites,,51,,52,,53,,56,,57,,58,,58,,60,,62,,62,,64,,65,,65,,66,,66,,67,,67,,67,,66,,67,,66,,66,,66,,67,,67,,69,,69,,69,,69,,69,,69,,67,,67,,66.7,,67.6,,68.2,,67,,67.9,,68.6,
    Google Network Members' Websites,,48,,47,,46,,43,,42,,41,,41,,39,,37,,37,,35,,34,,34,,32,,31,,30,,30,,30,,31,,30,,31,,30,,30,,30,,30,,28,,28,,27,,27,,27,,27,,27.2,,27,,25.2,,24.4,,22.9,,23,,22.9,,22.3,
  Other,,1,,1,,1,,1,,1,,1,,1,,1,,1,,1,,1,,1,,1,,2,,3,,3,,3,,3,,3,,3,,3,,4,,4,,3,,3,,3,,3,,4,,4,,4,,4,,5.8,,6,,8.1,,8,,8.9,,10,,9.2,,9.1,
Cost of Revenue,,—,,—,,—,,—,,—,,—,,—,,—,,—,,—,,—,,—,,—,,—,,—,,—,,—,,—,,—,,—,,—,,—,,—,,—,,2946,1.0,—,,3172,1.0,3378,1.0,3702,1.0,3789,1.0,4677,1.0,5955,1.0,—,,—,,—,,—,,—,,—,,—,
  Motorola,,—,,—,,—,,—,,—,,—,,—,,—,,—,,—,,—,,—,,—,,—,,—,,—,,—,,—,,—,,—,,—,,—,,—,,—,,—,,—,,0,,0,,—,,—,,—,,—,,—,,—,,—,,—,,—,,—,,—,
  Google,,—,,—,,—,,—,,—,,—,,—,,—,,—,,—,,—,,—,,—,,—,,—,,—,,—,,—,,—,,—,,—,,—,,—,,—,,2946,1.0,—,,3172,1.0,3378,1.0,3702,1.0,3789,1.0,3984,0.851828094932649,4440,0.745591939546599,—,,—,,—,,—,,—,,—,,—,
  Motorola Mobile,,—,,—,,—,,—,,—,,—,,—,,—,,—,,—,,—,,—,,—,,—,,—,,—,,—,,—,,—,,—,,—,,—,,—,,—,,—,,—,,—,,—,,—,,—,,693,0.148171905067351,1515,0.254408060453401,—,,—,,—,,—,,—,,—,,—,
Gross Profit,,577.721985,1.0,711.308,1.0,787.4,1.0,924.63,1.0,1142.058,1.0,1349.636,1.0,1466.959,1.0,1640.945,1.0,1922.35,1.0,2193.545,1.0,2311.73,1.0,2568.772,1.0,2870.854,1.0,3075.507,1.0,3219.637,1.0,3368.001,1.0,3510.899,1.0,3407.486,1.0,3414.926,1.0,3718.611,1.0,4265.425,1.0,4323,1.0,4353,1.0,4734,1.0,—,,5639,1.0,—,,—,,—,,—,,—,,—,,8206,1.0,7815,1.0,7912,1.0,8345,1.0,—,,9459,1.0,9841,1.0
  Internet Media,,577.721985,1.0,711.308,1.0,787.4,1.0,924.63,1.0,1142.058,1.0,1349.636,1.0,1466.959,1.0,1640.945,1.0,1922.35,1.0,2193.545,1.0,2311.73,1.0,2568.772,1.0,2870.854,1.0,3075.507,1.0,3219.637,1.0,3368.001,1.0,3510.899,1.0,3407.486,1.0,3414.926,1.0,3718.611,1.0,4265.425,1.0,4323,1.0,4353,1.0,4734,1.0,—,,5639,1.0,—,,—,,—,,—,,—,,—,,8206,1.0,7815,1.0,7912,1.0,8345,1.0,—,,9459,1.0,9841,1.0
Operating Income,,302.799011,1.0,442.77,1.0,475.698,1.0,529.171,1.0,659.64,1.0,742.699,1.0,815.372,1.0,931.331,1.0,1060.594,1.0,1221.209,1.0,1104.615,1.0,1317.842,1.0,1440.734,1.0,1546.235,1.0,1577.965,1.0,1647.565,1.0,1860.204,1.0,1883.591,1.0,1873.894,1.0,2073.718,1.0,2480.983,1.0,2488,1.0,2365,1.0,2547,1.0,2982,1.0,2296,1.0,2881,1.0,3058,1.0,3507,1.0,3389,1.0,3237,1.0,2740,1.0,3394,1.0,3748,1.0,3465,1.0,3761,1.0,—,,4115,1.0,4258,1.0
  Internet Media,,302.799011,1.0,442.77,1.0,475.698,1.0,529.171,1.0,659.64,1.0,742.699,1.0,815.372,1.0,931.331,1.0,1060.594,1.0,1221.209,1.0,1104.615,1.0,1317.842,1.0,1440.734,1.0,1546.235,1.0,1577.965,1.0,1647.565,1.0,1860.204,1.0,1883.591,1.0,1873.894,1.0,2073.718,1.0,2480.983,1.0,2488,1.0,2365,1.0,2547,1.0,2982,1.0,2296,1.0,3316,1.0,3629,1.0,4044,1.0,3945,1.0,3988,1.01243970550901,3951,1.05107741420591,3394,1.0,3748,1.0,3465,1.0,3761,1.0,—,,4115,1.0,4258,1.0
  Motorola,,—,,—,,—,,—,,—,,—,,—,,—,,—,,—,,—,,—,,—,,—,,—,,—,,—,,—,,—,,—,,—,,—,,—,,—,,—,,—,,0,,0,,—,,—,,—,,—,,—,,—,,—,,—,,—,,—,,—,
    Home,,—,,—,,—,,—,,—,,—,,—,,—,,—,,—,,—,,—,,—,,—,,—,,—,,—,,—,,—,,—,,—,,—,,—,,—,,—,,—,,0,,0,,—,,—,,—,,—,,—,,—,,—,,—,,—,,—,,—,
  Unallocated items,,—,,—,,—,,—,,—,,—,,—,,—,,—,,—,,—,,—,,—,,—,,—,,—,,—,,—,,—,,—,,—,,—,,—,,—,,—,,—,,-435,,-571,,-537,,-556,,-702,,-1019,,—,,—,,—,,—,,—,,—,,—,
  Motorola Mobile,,—,,—,,—,,—,,—,,—,,—,,—,,—,,—,,—,,—,,—,,—,,—,,—,,—,,—,,—,,—,,—,,—,,—,,—,,—,,—,,0,,0,,0,,0,,-49,-0.0124397055090124,-192,-0.0510774142059058,—,,—,,—,,—,,—,,—,,—,
Interest Expense,,—,,-1.986,,—,,—,,—,,—,,0.177,1.0,0.021,1.0,—,,0.342,1.0,0.244,1.0,0.446,1.0,—,,0.387,1.0,0,,0,,18.549,1.0,—,,—,,—,,—,,—,,—,,—,,—,,—,,—,,—,,—,,—,,—,,—,,21,1.0,21,1.0,19,1.0,19,1.0,—,,24,1.0,27,1.0
  Internet Media,,—,,-1.986,1.0,—,,—,,—,,—,,0.177,1.0,0.021,1.0,—,,0.342,1.0,0.244,1.0,0.446,1.0,—,,0.387,1.0,0,,0,,18.549,1.0,—,,—,,—,,—,,—,,—,,—,,—,,—,,—,,—,,—,,—,,—,,—,,21,1.0,21,1.0,19,1.0,19,1.0,—,,24,1.0,27,1.0
Interest Income,,9.196,1.0,11.7,1.0,—,,25.4,1.0,68.338,1.0,78.924,1.0,103.187,1.0,108.23,1.0,—,,130.475,1.0,137.984,1.0,146.114,1.0,—,,122.003,1.0,88.086,1.0,90.996,1.0,88.448,1.0,66.092,1.0,50.017,1.0,46.702,1.0,66.862,1.0,95,1.0,136,1.0,172,1.0,—,,190,1.0,—,,—,,—,,—,,—,,—,,179,1.0,180,1.0,182,1.0,196,1.0,—,,168,1.0,169,1.0
  Internet Media,,9.196,1.0,11.7,1.0,—,,25.4,1.0,68.338,1.0,78.924,1.0,103.187,1.0,108.23,1.0,—,,130.475,1.0,137.984,1.0,146.114,1.0,—,,122.003,1.0,88.086,1.0,90.996,1.0,88.448,1.0,66.092,1.0,50.017,1.0,46.702,1.0,66.862,1.0,95,1.0,136,1.0,172,1.0,—,,190,1.0,—,,—,,—,,—,,—,,—,,179,1.0,180,1.0,182,1.0,196,1.0,—,,168,1.0,169,1.0
Operating Margin,,—,,—,,—,,—,,—,,—,,—,,—,,—,,—,,—,,—,,—,,—,,—,,—,,—,,—,,—,,—,,—,,—,,—,,—,,—,,—,,—,,—,,—,,—,,—,,—,,—,,—,,—,,—,,—,,—,,—,
  Google,,—,,—,,—,,—,,—,,—,,—,,—,,—,,—,,—,,—,,—,,—,,—,,—,,—,,—,,—,,—,,—,,—,,—,,—,,35.3,,—,,31.9,,31.5,,33.1,,—,,31.3,,28.3,,—,,—,,—,,—,,—,,—,,—,
  Motorola Mobile,,—,,—,,—,,—,,—,,—,,—,,—,,—,,—,,—,,—,,—,,—,,—,,—,,—,,—,,—,,—,,—,,—,,—,,—,,—,,—,,—,,—,,-23.3,,—,,-23.6,,-29.4,,—,,—,,—,,—,,—,,—,,—,
Pretax Income,,310.173004,1.0,456.456,1.0,495.42,1.0,549.968,1.0,639.833,1.0,810.618,1.0,976.177,1.0,1039.511,1.0,1184.733,1.0,1351.937,1.0,1241.745,1.0,1472.27,1.0,1608.028,1.0,1713.578,1.0,1635.888,1.0,1668.782,1.0,835.346,1.0,1889.801,1.0,1856.176,1.0,2066.541,1.0,2568.671,1.0,2506,1.0,2434,1.0,2714,1.0,—,,2392,1.0,—,,—,,—,,—,,—,,—,,3546,1.0,3882,1.0,3701,1.0,3775,1.0,—,,4472,1.0,4403,1.0
  Internet Media,,310.173004,1.0,456.456,1.0,495.42,1.0,549.968,1.0,639.833,1.0,810.618,1.0,976.177,1.0,1039.511,1.0,1184.733,1.0,1351.937,1.0,1241.745,1.0,1472.27,1.0,1608.028,1.0,1713.578,1.0,1635.888,1.0,1668.782,1.0,835.346,1.0,1889.801,1.0,1856.176,1.0,2066.541,1.0,2568.671,1.0,2506,1.0,2434,1.0,2714,1.0,—,,2392,1.0,—,,—,,—,,—,,—,,—,,3546,1.0,3882,1.0,3701,1.0,3775,1.0,—,,4472,1.0,4403,1.0
Income Taxes,,106.072998,1.0,87.263,1.0,152.606,1.0,168.786,1.0,267.625,1.0,218.327,1.0,255.1,1.0,306.15,1.0,154.017,1.0,349.775,1.0,316.625,1.0,402.281,1.0,401.579,1.0,406.492,1.0,388.497,1.0,378.844,1.0,452.904,1.0,466.973,1.0,371.631,1.0,427.566,1.0,594.571,1.0,551,1.0,594,1.0,547,1.0,—,,594,1.0,—,,—,,—,,—,,—,,—,,639,1.0,354,1.0,927,1.0,612,1.0,—,,822,1.0,984,1.0
  Internet Media,,106.072998,1.0,87.263,1.0,152.606,1.0,168.786,1.0,267.625,1.0,218.327,1.0,255.1,1.0,306.15,1.0,154.017,1.0,349.775,1.0,316.625,1.0,402.281,1.0,401.579,1.0,406.492,1.0,388.497,1.0,378.844,1.0,452.904,1.0,466.973,1.0,371.631,1.0,427.566,1.0,594.571,1.0,551,1.0,594,1.0,547,1.0,—,,594,1.0,—,,—,,—,,—,,—,,—,,639,1.0,354,1.0,927,1.0,612,1.0,—,,822,1.0,984,1.0
Net Income,,204.100006,1.0,369.193,1.0,342.814,1.0,381.182,1.0,372.208,1.0,592.291,1.0,721.077,1.0,733.361,1.0,1030.716,1.0,1002.162,1.0,925.12,1.0,1069.989,1.0,1206.449,1.0,1307.086,1.0,1247.391,1.0,1289.938,1.0,382.442,1.0,1422.828,1.0,1484.545,1.0,1638.975,1.0,1974.1,1.0,1955,1.0,1840,1.0,2167,1.0,—,,1798,1.0,—,,—,,—,,—,,—,,—,,2886,1.0,3346,1.0,3228,1.0,2970,1.0,—,,3452,1.0,3351,1.0
  Internet Media,,204.100006,1.0,369.193,1.0,342.814,1.0,381.182,1.0,372.208,1.0,592.291,1.0,721.077,1.0,733.361,1.0,1030.716,1.0,1002.162,1.0,925.12,1.0,1069.989,1.0,1206.449,1.0,1307.086,1.0,1247.391,1.0,1289.938,1.0,382.442,1.0,1422.828,1.0,1484.545,1.0,1638.975,1.0,1974.1,1.0,1955,1.0,1840,1.0,2167,1.0,—,,1798,1.0,—,,—,,—,,—,,—,,—,,2886,1.0,3346,1.0,3228,1.0,2970,1.0,—,,3452,1.0,3351,1.0
Adjusted Operating Income,,—,,—,,—,,—,,—,,—,,—,,—,,—,,—,,—,,—,,—,,—,,—,,—,,—,,—,,—,,—,,—,,—,,—,,—,,3378,1.0,—,,3316,1.0,3629,1.0,4043,1.0,—,,3939,1.0,3759,1.0,—,,—,,—,,—,,—,,—,,—,
  Google,,—,,—,,—,,—,,—,,—,,—,,—,,—,,—,,—,,—,,—,,—,,—,,—,,—,,—,,—,,—,,—,,—,,—,,—,,3378,1.0,—,,3316,1.0,3629,1.0,4043,1.0,—,,3988,1.01243970550901,3951,1.05107741420591,—,,—,,—,,—,,—,,—,,—,
  Unallocated items,,—,,—,,—,,—,,—,,—,,—,,—,,—,,—,,—,,—,,—,,—,,—,,—,,—,,—,,—,,—,,—,,—,,—,,—,,—,,—,,—,,—,,—,,—,,—,,0,,—,,—,,—,,—,,—,,—,,—,
  Motorola Mobile,,—,,—,,—,,—,,—,,—,,—,,—,,—,,—,,—,,—,,—,,—,,—,,—,,—,,—,,—,,—,,—,,—,,—,,—,,—,,—,,—,,—,,—,,—,,-49,-0.0124397055090124,-192,-0.0510774142059058,—,,—,,—,,—,,—,,—,,—,
Adjusted Operating Margin,,—,,—,,—,,—,,—,,—,,—,,—,,—,,—,,—,,—,,—,,—,,—,,—,,—,,—,,—,,—,,—,,—,,—,,—,,—,,—,,—,,—,,—,,—,,—,,—,,—,,—,,—,,—,,—,,—,,—,
  Google,,—,,—,,—,,—,,—,,—,,—,,—,,—,,—,,—,,—,,—,,—,,—,,—,,—,,—,,—,,—,,—,,—,,—,,—,,40,,—,,36.7,,37.3,,38.2,,37.1,,36.4,,34.3,,—,,—,,—,,—,,—,,—,,—,
  Motorola Mobile,,—,,—,,—,,—,,—,,—,,—,,—,,—,,—,,—,,—,,—,,—,,—,,—,,—,,—,,—,,—,,—,,—,,—,,—,,—,,—,,—,,—,,-10,,—,,-5.8,,-10.8,,—,,—,,—,,—,,—,,—,,—,
Property/Plant/Equipment,,378.915985,1.0,474.829,1.0,576.597,1.0,803.078,1.0,961.749,1.0,1209.681,1.0,1799.766,1.0,2174.314,1.0,2395.239,1.0,2826.717,1.0,3219.28,1.0,3588.814,1.0,4039.261,1.0,4741.724,1.0,5137.71,1.0,5213.167,1.0,5233.843,1.0,5122.105,1.0,5005.9,1.0,4917.491,1.0,4844.61,1.0,4773,1.0,4920,1.0,5506,1.0,—,,8249,1.0,—,,—,,—,,—,,—,,—,,11854,1.0,12300,1.0,12912,1.0,14867,1.0,—,,17877,1.0,19486,1.0
  Internet Media,,378.915985,1.0,474.829,1.0,576.597,1.0,803.078,1.0,961.749,1.0,1209.681,1.0,1799.766,1.0,2174.314,1.0,2395.239,1.0,2826.717,1.0,3219.28,1.0,3588.814,1.0,4039.261,1.0,4741.724,1.0,5137.71,1.0,5213.167,1.0,5233.843,1.0,5122.105,1.0,5005.9,1.0,4917.491,1.0,4844.61,1.0,4773,1.0,4920,1.0,5506,1.0,—,,8249,1.0,—,,—,,—,,—,,—,,—,,11854,1.0,12300,1.0,12912,1.0,14867,1.0,—,,17877,1.0,19486,1.0
Goodwill,,122.818001,1.0,124.485,1.0,154.67,1.0,171.397,1.0,194.9,1.0,318.806,1.0,318.597,1.0,337.145,1.0,1545.119,1.0,1620.566,1.0,1723.124,1.0,2277.397,1.0,2299.368,1.0,4791.399,1.0,4853.805,1.0,4821.646,1.0,4839.854,1.0,4830.315,1.0,4836.913,1.0,4849.217,1.0,4902.565,1.0,5122,1.0,5788,1.0,6099,1.0,—,,6308,1.0,—,,—,,—,,—,,—,,—,,10537,1.0,10595,1.0,11396,1.0,11426,1.0,11492,1.0,14177,1.0,14586,1.0
  Internet Media,,122.818001,1.0,124.485,1.0,154.67,1.0,171.397,1.0,194.9,1.0,318.806,1.0,318.597,1.0,337.145,1.0,1545.119,1.0,1620.566,1.0,1723.124,1.0,2277.397,1.0,2299.368,1.0,4791.399,1.0,4853.805,1.0,4821.646,1.0,4839.854,1.0,4830.315,1.0,4836.913,1.0,4849.217,1.0,4902.565,1.0,5122,1.0,5788,1.0,6099,1.0,—,,6308,1.0,—,,—,,—,,—,,—,,—,,10537,1.0,10595,1.0,11396,1.0,11426,1.0,—,,14177,1.0,14586,1.0
  Other Bets,,—,,—,,—,,—,,—,,—,,—,,—,,—,,—,,—,,—,,—,,—,,—,,—,,—,,—,,—,,—,,—,,—,,—,,—,,—,,—,,—,,—,,—,,—,,—,,—,,—,,—,,—,,—,,0,,—,,—,
  Google Services,,—,,—,,—,,—,,—,,—,,—,,—,,—,,—,,—,,—,,—,,—,,—,,—,,—,,—,,—,,—,,—,,—,,—,,—,,—,,—,,—,,—,,—,,—,,—,,—,,—,,—,,—,,—,,11492,1.0,—,,—,
Assets,,3313.351074,1.0,3865.199,1.0,4497.718,1.0,9451.001,1.0,10271.813,1.0,11294.87,1.0,14396.006,1.0,15693.232,1.0,18473.351,1.0,20015.438,1.0,21423.885,1.0,23340.65,1.0,25335.806,1.0,27604.982,1.0,29179.786,1.0,30806.974,1.0,31767.575,1.0,33513.029,1.0,35158.76,1.0,37702.845,1.0,40496.778,1.0,42871,1.0,48045,1.0,53342,1.0,—,,59960,1.0,—,,—,,—,,—,,—,,—,,93798,1.0,96692,1.0,101182,1.0,105068,1.0,—,,116526,1.0,121608,1.0
  Internet Media,,3313.351074,1.0,3865.199,1.0,4497.718,1.0,9451.001,1.0,10271.813,1.0,11294.87,1.0,14396.006,1.0,15693.232,1.0,18473.351,1.0,20015.438,1.0,21423.885,1.0,23340.65,1.0,25335.806,1.0,27604.982,1.0,29179.786,1.0,30806.974,1.0,31767.575,1.0,33513.029,1.0,35158.76,1.0,37702.845,1.0,40496.778,1.0,42871,1.0,48045,1.0,53342,1.0,—,,59960,1.0,—,,—,,—,,—,,—,,—,,93798,1.0,96692,1.0,101182,1.0,105068,1.0,—,,116526,1.0,121608,1.0
Liabilities,,384.295009,1.0,438.337,1.0,543.861,1.0,657.933,1.0,852.856,1.0,1051.602,1.0,1038.998,1.0,1296.145,1.0,1433.511,1.0,1638.228,1.0,1764.277,1.0,2303.879,1.0,2646.127,1.0,3267.447,1.0,3266.771,1.0,3332.112,1.0,3528.713,1.0,3664.934,1.0,3563.904,1.0,3981.092,1.0,4492.554,1.0,4588,1.0,7432,1.0,10052,1.0,—,,11109,1.0,—,,—,,—,,—,,—,,—,,22083,1.0,21219,1.0,22330,1.0,22079,1.0,—,,24815,1.0,25859,1.0
  Internet Media,,384.295009,1.0,438.337,1.0,543.861,1.0,657.933,1.0,852.856,1.0,1051.602,1.0,1038.998,1.0,1296.145,1.0,1433.511,1.0,1638.228,1.0,1764.277,1.0,2303.879,1.0,2646.127,1.0,3267.447,1.0,3266.771,1.0,3332.112,1.0,3528.713,1.0,3664.934,1.0,3563.904,1.0,3981.092,1.0,4492.554,1.0,4588,1.0,7432,1.0,10052,1.0,—,,11109,1.0,—,,—,,—,,—,,—,,—,,22083,1.0,21219,1.0,22330,1.0,22079,1.0,—,,24815,1.0,25859,1.0
Depreciation and Amortization,,52.459999,1.0,56.193,1.0,66.929,1.0,75.965,1.0,94.725,1.0,111.158,1.0,126.221,1.0,145.31,1.0,189.25,1.0,204.992,1.0,223.355,1.0,249.375,1.0,289.936,1.0,336.524,1.0,391.607,1.0,386.246,1.0,385.51,1.0,403.222,1.0,376.957,1.0,378.623,1.0,365.506,1.0,331,1.0,342,1.0,342,1.0,—,,401,1.0,—,,—,,—,,—,,—,,—,,953,1.0,899,1.0,1030,1.0,974,1.0,—,,1086,1.0,1079,1.0
  Internet Media,,52.459999,1.0,56.193,1.0,66.929,1.0,75.965,1.0,94.725,1.0,111.158,1.0,126.221,1.0,145.31,1.0,189.25,1.0,204.992,1.0,223.355,1.0,249.375,1.0,289.936,1.0,336.524,1.0,391.607,1.0,386.246,1.0,385.51,1.0,403.222,1.0,376.957,1.0,378.623,1.0,365.506,1.0,331,1.0,342,1.0,342,1.0,—,,401,1.0,—,,—,,—,,—,,—,,—,,953,1.0,899,1.0,1030,1.0,974,1.0,—,,1086,1.0,1079,1.0
Depreciation,,—,,—,,—,,—,,—,,95.868,1.0,110.211,1.0,129.55,1.0,—,,—,,—,,—,,—,,280.564,1.0,308.716,1.0,—,,—,,321.1,1.0,311,1.0,311.1,1.0,269,1.0,264,1.0,266,1.0,257,1.0,—,,301,1.0,—,,—,,—,,—,,—,,—,,630,1.0,584,1.0,747,1.0,693,1.0,—,,816,1.0,813,1.0
  Internet Media,,—,,—,,—,,—,,—,,95.868,1.0,110.211,1.0,129.55,1.0,—,,—,,—,,—,,—,,280.564,1.0,308.716,1.0,—,,—,,321.1,1.0,311,1.0,311.1,1.0,269,1.0,264,1.0,266,1.0,257,1.0,—,,301,1.0,—,,—,,—,,—,,—,,—,,630,1.0,584,1.0,747,1.0,693,1.0,—,,816,1.0,813,1.0
R&D Expenses,,87.442001,1.0,79.412,1.0,95.8,1.0,151.721,1.0,189.871,1.0,246.599,1.0,282.552,1.0,312.632,1.0,386.806,1.0,408.384,1.0,532.106,1.0,548.712,1.0,630.783,1.0,673.069,1.0,682.21,1.0,704.571,1.0,733.3,1.0,641.643,1.0,707.626,1.0,757.524,1.0,736.234,1.0,818,1.0,898,1.0,994,1.0,1051,1.0,1226,1.0,1234,1.0,1404,1.0,1298,1.0,1441,1.0,1538,1.0,1879,1.0,1935,1.0,1617,1.0,1766,1.0,1821,1.0,—,,2126,1.0,2238,1.0
  Internet Media,,87.442001,1.0,79.412,1.0,95.8,1.0,151.721,1.0,189.871,1.0,246.599,1.0,282.552,1.0,312.632,1.0,386.806,1.0,408.384,1.0,532.106,1.0,548.712,1.0,630.783,1.0,673.069,1.0,682.21,1.0,704.571,1.0,733.3,1.0,641.643,1.0,707.626,1.0,757.524,1.0,736.234,1.0,818,1.0,898,1.0,994,1.0,1051,1.0,1226,1.0,1234,1.0,1404,1.0,1298,1.0,1441,1.0,1442,0.937581274382315,1540,0.819584885577435,1935,1.0,1617,1.0,1766,1.0,1821,1.0,—,,2126,1.0,2238,1.0
  Motorola Mobile,,—,,—,,—,,—,,—,,—,,—,,—,,—,,—,,—,,—,,—,,—,,—,,—,,—,,—,,—,,—,,—,,—,,—,,—,,—,,—,,—,,—,,—,,—,,96,0.0624187256176853,339,0.180415114422565,—,,—,,—,,—,,—,,—,,—,
Capital Expenditures,,-59.080002,,-142.391,,-157.463,,-292.532,,-245.831,,-344.938,,-699,,-492.222,,-366.638,,-596.893,,-575.098,,-552.64,,-678.209,,-841.597,,-697.517,,-451.503,,-367.844,,-262.755,,-139.437,,-186.339,,-221.357,,-239,,-476,,-757,,—,,-890,,—,,—,,—,,—,,—,,—,,-1020,,-1203,,-1611,,-2289,,—,,-2345,,-2646,
  Internet Media,,-59.080002,1.0,-142.391,1.0,-157.463,1.0,-292.532,1.0,-245.831,1.0,-344.938,1.0,-699,1.0,-492.222,1.0,-366.638,1.0,-596.893,1.0,-575.098,1.0,-552.64,1.0,-678.209,1.0,-841.597,1.0,-697.517,1.0,-451.503,1.0,-367.844,1.0,-262.755,1.0,-139.437,1.0,-186.339,1.0,-221.357,1.0,-239,1.0,-476,1.0,-757,1.0,—,,-890,1.0,—,,—,,—,,—,,—,,—,,-1020,1.0,-1203,1.0,-1611,1.0,-2289,1.0,—,,-2345,1.0,-2646,1.0
General & Administrative Expense,,—,,—,,—,,—,,—,,—,,—,,—,,—,,—,,—,,—,,—,,—,,—,,—,,—,,—,,—,,—,,—,,—,,—,,—,,559,1.0,—,,648,1.0,676,1.0,809,1.0,757,1.0,942,1.0,882,1.0,—,,—,,—,,—,,—,,—,,—,
  Google,,—,,—,,—,,—,,—,,—,,—,,—,,—,,—,,—,,—,,—,,—,,—,,—,,—,,—,,—,,—,,—,,—,,—,,—,,559,1.0,—,,648,1.0,676,1.0,809,1.0,757,1.0,816,0.866242038216561,789,0.894557823129252,—,,—,,—,,—,,—,,—,,—,
  Motorola Mobile,,—,,—,,—,,—,,—,,—,,—,,—,,—,,—,,—,,—,,—,,—,,—,,—,,—,,—,,—,,—,,—,,—,,—,,—,,—,,—,,—,,—,,—,,—,,126,0.133757961783439,93,0.105442176870748,—,,—,,—,,—,,—,,—,,—,
Selling & Marketing Expense,,—,,—,,—,,—,,—,,—,,—,,—,,—,,—,,—,,—,,—,,—,,—,,—,,—,,—,,—,,—,,—,,—,,—,,—,,902,1.0,—,,1091,1.0,1204,1.0,1268,1.0,1269,1.0,1413,1.0,1479,1.0,—,,—,,—,,—,,—,,—,,—,
  Google,,—,,—,,—,,—,,—,,—,,—,,—,,—,,—,,—,,—,,—,,—,,—,,—,,—,,—,,—,,—,,—,,—,,—,,—,,902,1.0,—,,1091,1.0,1204,1.0,1268,1.0,1269,1.0,1286,0.910120311394197,1259,0.851250845165652,—,,—,,—,,—,,—,,—,,—,
  Motorola Mobile,,—,,—,,—,,—,,—,,—,,—,,—,,—,,—,,—,,—,,—,,—,,—,,—,,—,,—,,—,,—,,—,,—,,—,,—,,—,,—,,—,,—,,—,,—,,127,0.0898796886058033,220,0.148749154834348,—,,—,,—,,—,,—,,—,,—,
Paid Clicks YOY %,,—,,—,,—,,—,,—,,—,,—,,—,,—,,—,,—,,—,,—,,—,,—,,—,,—,,—,,—,,—,,—,,—,,—,,—,,—,,—,,—,,—,,—,,—,,—,,—,,—,,—,,—,,—,,—,,—,,—,
  Google Network Members' Websites,,—,,—,,—,,—,,—,,—,,—,,—,,—,,—,,—,,—,,—,,—,,—,,—,,—,,—,,—,,—,,—,,—,,—,,—,,—,,—,,—,,—,,—,,—,,—,,—,,—,,—,,—,,26,,—,,—,,—,
Cost per Click YoY%,,—,,—,,—,,—,,—,,—,,—,,—,,—,,—,,—,,—,,—,,—,,—,,—,,—,,—,,—,,—,,—,,—,,—,,—,,—,,—,,—,,—,,—,,—,,—,,—,,—,,—,,—,,—,,—,,—,,—,
  Google Network Members' Websites,,—,,—,,—,,—,,—,,—,,—,,—,,—,,—,,—,,—,,—,,—,,—,,—,,—,,—,,—,,—,,—,,—,,—,,—,,—,,—,,—,,—,,—,,—,,—,,—,,—,,—,,—,,-8,,—,,—,,—,
Traffic Acquisition Costs,,—,,—,,—,,—,,—,,—,,—,,—,,—,,—,,—,,—,,—,,—,,—,,—,,—,,—,,—,,—,,—,,—,,—,,—,,—,,—,,—,,—,,—,,2510,1.0,2600,1.0,2770,1.0,3076,1.0,2962,1.0,3013,1.0,2972,1.0,3311,1.0,3232,1.0,3293,1.0
  Advertising,,—,,—,,—,,—,,—,,—,,—,,—,,—,,—,,—,,—,,—,,—,,—,,—,,—,,—,,—,,—,,—,,—,,—,,—,,—,,—,,—,,—,,—,,2510,1.0,2600,1.0,2770,1.0,3076,1.0,2962,1.0,3013,1.0,2972,1.0,3311,1.0,3232,1.0,3293,1.0
    Google Network Members' Websites,,—,,—,,—,,—,,—,,—,,—,,—,,—,,—,,—,,—,,—,,—,,—,,—,,—,,—,,—,,—,,—,,—,,—,,—,,—,,—,,—,,—,,—,,2042,0.813545816733068,2093,0.805,2214,0.79927797833935,2442,0.793888166449935,2282,0.770425388251182,2307,0.765682044473946,2217,0.745962314939435,2487,0.751132588341891,2387,0.73855198019802,2400,0.728818706346796
    Google Web Sites,,—,,—,,—,,—,,—,,—,,—,,—,,—,,—,,—,,—,,—,,—,,—,,—,,—,,—,,—,,—,,—,,—,,—,,—,,—,,—,,—,,—,,—,,468,0.186454183266932,507,0.195,556,0.20072202166065,634,0.206111833550065,680,0.229574611748818,706,0.234317955526054,755,0.254037685060565,824,0.248867411658109,845,0.26144801980198,893,0.271181293653204
  Google (post-Alphabet),,—,,—,,—,,—,,—,,—,,—,,—,,—,,—,,—,,—,,—,,—,,—,,—,,—,,—,,—,,—,,—,,—,,—,,—,,—,,—,,—,,—,,—,,—,,—,,—,,—,,—,,—,,—,,3311,1.0,—,,—,
Source: Bloomberg,,,,,,,,,,,,,,,,,,,,,,,,,,,,,,,,,,,,,,,,,,,,,,,,,,,,,,,,,,,,,,,,,,,,,,,,,,,,,,,
