Unnamed: 0,Unnamed: 1,Unnamed: 2,Unnamed: 3,Unnamed: 4,Unnamed: 5,Unnamed: 6,Unnamed: 7,Unnamed: 8,Unnamed: 9,Unnamed: 10,Unnamed: 11,Unnamed: 12,Unnamed: 13,Unnamed: 14,Unnamed: 15,Unnamed: 16,Unnamed: 17,Unnamed: 18,Unnamed: 19,Unnamed: 20,Unnamed: 21,Unnamed: 22,Unnamed: 23,Unnamed: 24,Unnamed: 25,Unnamed: 26,Unnamed: 27,Unnamed: 28,Unnamed: 29,Unnamed: 30,Unnamed: 31,Unnamed: 32,Unnamed: 33,Unnamed: 34,Unnamed: 35,Unnamed: 36,Unnamed: 37,Unnamed: 38,Unnamed: 39,Unnamed: 40,Unnamed: 41,Unnamed: 42,Unnamed: 43,Unnamed: 44,Unnamed: 45,Unnamed: 46,Unnamed: 47,Unnamed: 48,Unnamed: 49,Unnamed: 50,Unnamed: 51,Unnamed: 52,Unnamed: 53,Unnamed: 54,Unnamed: 55,Unnamed: 56,Unnamed: 57,Unnamed: 58,Unnamed: 59,Unnamed: 60,Unnamed: 61,Unnamed: 62,Unnamed: 63,Unnamed: 64,Unnamed: 65,Unnamed: 66,Unnamed: 67,Unnamed: 68,Unnamed: 69,Unnamed: 70,Unnamed: 71,Unnamed: 72,Unnamed: 73,Unnamed: 74,Unnamed: 75,Unnamed: 76,Unnamed: 77,Unnamed: 78,Unnamed: 79,Unnamed: 80,Unnamed: 81
Alphabet Inc (GOOGL US) - By Measure,,,,,,,,,,,,,,,,,,,,,,,,,,,,,,,,,,,,,,,,,,,,,,,,,,,,,,,,,,,,,,,,,,,,,,,,,,,,,,,,,
,,,,,,,,,,,,,,,,,,,,,,,,,,,,,,,,,,,,,,,,,,,,,,,,,,,,,,,,,,,,,,,,,,,,,,,,,,,,,,,,,
date,,Q3 2014,,Q4 2014,,Q1 2015,,Q2 2015,,Q3 2015,,Q4 2015,,Q1 2016,,Q2 2016,,Q3 2016,,Q4 2016,,Q1 2017,,Q2 2017,,Q3 2017,,Q4 2017,,Q1 2018,,Q2 2018,,Q3 2018,,Q4 2018,,Q1 2019,,Q2 2019,,Q3 2019,,Q4 2019,,Q1 2020,,Q2 2020,,Q3 2020,,Q4 2020,,Q1 2021,,Q2 2021,,Q3 2021,,Q4 2021,,Q1 2022,,Q2 2022,,Q3 2022,,Q4 2022,,Q1 2023,,Q2 2023,,Q3 2023,,Q4 2023,,Q1 2024,,Q2 2024,
date,,09/30/2014,,12/31/2014,,03/31/2015,,06/30/2015,,09/30/2015,,12/31/2015,,03/31/2016,,06/30/2016,,09/30/2016,,12/31/2016,,03/31/2017,,06/30/2017,,09/30/2017,,12/31/2017,,03/31/2018,,06/30/2018,,09/30/2018,,12/31/2018,,03/31/2019,,06/30/2019,,09/30/2019,,12/31/2019,,03/31/2020,,06/30/2020,,09/30/2020,,12/31/2020,,03/31/2021,,06/30/2021,,09/30/2021,,12/31/2021,,03/31/2022,,06/30/2022,,09/30/2022,,12/31/2022,,03/31/2023,,06/30/2023,,09/30/2023,,12/31/2023,,03/31/2024,,06/30/2024,
Revenue,,16523,1.0,18103,1.0,17258,1.0,17727,1.0,18675,1.0,21329,1.0,20257,1.0,21500,1.0,22451,1.0,26064,1.0,24750,1.0,26010,1.0,27772,1.0,32323,1.0,31146,1.0,32657,1.0,33740,1.0,39276,1.0,36339,1.0,38944,1.0,40499,1.0,46075,1.0,41159,1.0,38297,1.0,46173,1.0,56898,1.0,55314,1.0,61880,1.0,65118,1.0,75325,1.0,68011,1.0,69685,1.0,69092,1.0,76048,1.0,69787,1.0,74604,1.0,76693,1.0,86310,1.0,80539,1.0,84742,1.0
  Google Services,,—,,17997,0.994144616914324,17178,0.995364468652219,17653,0.995825576803746,18534,0.992449799196787,21179,0.992967321487177,19923,0.983511872439157,21237,0.987767441860465,22254,0.99122533517438,25615,0.982773173726212,24401,0.98589898989899,25910,0.996155324875048,27846,1.00266455422728,32390,1.00207282739845,31235,1.00285750979259,32615,0.998713905135193,33514,0.99330171902786,38998,0.992921886139118,36032,0.991551776328463,38674,0.993066967953985,40225,0.993234400849404,43198,0.93755832881172,38198,0.92805947666367,34991,0.913674700368175,42573,0.922032356572023,52873,0.929259376427994,51178,0.925226886502513,57067,0.922220426632191,59884,0.919622838539267,69400,0.921340856289413,61472,0.903853788357766,62841,0.901786611178876,61377,0.88833728941122,67838,0.892041868293709,61961,0.887858770258071,66285,0.88849123371401,67986,0.886469430065325,76311,0.88415015641293,70398,0.874085846608475,73928,0.872389134077553
    Google Advertising,,—,,16309,0.90090040324808,15508,0.898597751767296,16023,0.903875444237604,16781,0.898580990629183,19078,0.894462937784237,17851,0.881226242780274,19065,0.886744186046512,19821,0.882855997505679,22212,0.852209944751381,21194,0.856323232323232,22669,0.871549404075356,24256,0.873397666714677,27425,0.84846703585682,26881,0.863064277916907,28190,0.863214624735891,28874,0.855779490219324,32518,0.82793563499338,30587,0.841712760395168,32494,0.834377567789647,33796,0.834489740487419,37934,0.823309820944113,33763,0.820306615806992,29867,0.77987831945061,37095,0.803391592489117,46199,0.811961756124996,44684,0.807824420580685,50444,0.81519069166128,53130,0.815903436837741,61239,0.81299701294391,54661,0.8037082236697,56288,0.807749156920428,54482,0.788542812481908,59042,0.776378077003998,54548,0.781635548167997,58143,0.779354994370275,59647,0.777737212001095,65517,0.759089329162322,61659,0.765579408733657,64616,0.762502655117887
      Google Search & Other,,—,,—,,—,,—,,—,,—,,—,,—,,—,,—,,—,,—,,—,,—,,—,,—,,—,,23320,0.593746817394847,22547,0.620462863590082,23642,0.607076828266228,24741,0.610903972937603,27185,0.590016277807922,24502,0.595301149201876,21319,0.556675457607645,26338,0.570419942390575,31903,0.560705121445394,31879,0.576327873594388,35845,0.579266321913381,37926,0.582419607481802,43301,0.574855625622303,39618,0.582523415329873,40689,0.583898973954223,39539,0.572265964221618,42604,0.560225120976226,40359,0.578316878501727,42628,0.571390273979947,44026,0.574054998500515,48020,0.556366585563666,46156,0.573088814114901,48509,0.572431615963749
      YouTube Ads,,—,,—,,—,,—,,—,,—,,—,,—,,—,,—,,—,,—,,—,,—,,—,,—,,—,,3605,0.0917863326204298,3025,0.0832438977407193,3603,0.0925174609695974,3804,0.0939282451418554,4717,0.102376559956593,4038,0.0981073398284701,3812,0.0995378228059639,5037,0.109089727762978,6885,0.12100601075609,6005,0.108562027696424,7002,0.113154492566257,7205,0.110645290088762,8633,0.114610023232658,6869,0.100998367911073,7340,0.105331132955442,7071,0.102341805129393,7963,0.104710183042289,6693,0.0959061143192858,7665,0.102742480295963,7952,0.103686125200475,9200,0.106592515351639,8090,0.100448230050038,8663,0.102227938920488
      Google Network,,—,,3880,0.214329116720985,3576,0.207208251245799,3621,0.204264680995092,3694,0.197804551539491,4142,0.19419569600075,3692,0.182257984894111,3743,0.174093023255814,3732,0.166228675782816,4431,0.170004604051565,4008,0.161939393939394,4247,0.163283352556709,4342,0.156344519660089,4990,0.154379234600749,4644,0.149104218840301,4825,0.147747802921273,4900,0.145228215767635,5593,0.142402484978104,5015,0.138005999064366,5249,0.134783278553821,5251,0.129657522407961,6032,0.130916983179598,5223,0.126898126776647,4736,0.123665039037,5720,0.123881922335564,7411,0.130250623923512,6800,0.122934519289872,7597,0.122769877181642,7999,0.122838539267177,9305,0.123531364088948,8174,0.120186440428754,8259,0.118519050010763,7872,0.113935043130898,8475,0.111442772985483,7496,0.107412555346984,7850,0.105222240094365,7669,0.0999960883001056,8297,0.0961302282470166,7413,0.0920423645687183,7444,0.0878431002336504
      Google Properties,,—,,12429,0.686571286527095,11932,0.691389500521497,12402,0.699610763242511,13087,0.700776439089692,14936,0.700267241783487,14159,0.698968257886163,15322,0.712651162790698,16089,0.716627321722863,17781,0.682205340699816,17186,0.694383838383838,18422,0.708266051518647,19914,0.717053147054587,22435,0.694087801256072,22237,0.713960059076607,23365,0.715466821814619,23974,0.710551274451689,26925,0.685533150015276,25572,0.703706761330802,27245,0.699594289235826,28545,0.704832218079459,—,,—,,—,,—,,—,,—,,—,,—,,—,,—,,—,,—,,—,,—,,—,,—,,—,,—,,—,
"    Google Subscriptions, Platforms & Devices",,—,,1688,0.0932442136662432,1670,0.0967667168849229,1630,0.091950132566142,1753,0.0938688085676038,2101,0.0985043837029397,2072,0.102285629658883,2172,0.101023255813953,2433,0.108369337668701,3403,0.130563228974831,3207,0.129575757575758,3241,0.124605920799692,3590,0.129266887512603,4965,0.153605791541627,4354,0.139793231875682,4425,0.135499280399302,4640,0.137522228808536,4771,0.121473673490172,3620,0.0996174908500509,4080,0.104765817584224,4050,0.10000246919677,5264,0.114248507867607,4435,0.107752860856678,5124,0.133796380917565,5478,0.118640764082906,6674,0.117297620302998,6494,0.117402465921828,6623,0.107029734970911,6754,0.103719401701526,8161,0.108343843345503,6811,0.100145564688065,6553,0.0940374542584487,6895,0.0997944769293116,8796,0.115663791289712,7413,0.106223222090074,8142,0.109136239343735,8339,0.10873221806423,10794,0.125060827250608,8739,0.108506437874818,9312,0.109886478959666
  Google Cloud,,—,,—,,—,,—,,—,,—,,—,,—,,—,,—,,—,,—,,—,,—,,—,,—,,—,,1709,0.0435125776555657,1825,0.0502215250832439,2100,0.053923582580115,2379,0.058742191165214,2614,0.0567335865436788,2777,0.0674700551519716,3007,0.0785178995743792,3444,0.0745890455460984,3831,0.0673310133923864,4047,0.073164117583252,4628,0.0747899159663866,4990,0.0766301176326054,5541,0.0735612346498506,5821,0.0855890958815486,6276,0.0900624237640812,6868,0.0994036936258901,7315,0.0961892488954345,7454,0.106810724060355,8031,0.107648383464694,8411,0.109671026038882,9192,0.106499826207855,9574,0.118874085846608,10347,0.122100021240943
  Other Bets,,—,,106,0.00585538308567641,80,0.00463553134778074,74,0.0041744231962543,141,0.00755020080321285,150,0.00703267851282292,165,0.00814533247766204,185,0.0086046511627907,197,0.00877466482562024,262,0.0100521792510743,132,0.00533333333333333,97,0.00372933487120338,117,0.00421287627826588,131,0.00405284162979921,150,0.00481602774031978,145,0.00444008941421441,146,0.0043272080616479,154,0.00392096954883389,170,0.00467816945980902,162,0.00415981922760887,155,0.00382725499395047,172,0.00373304395008139,135,0.00327996307004543,148,0.00386453246990626,178,0.00385506681393888,196,0.00344476080002812,198,0.00357956394402864,192,0.00310277957336781,182,0.00279492613409503,181,0.00240292067706605,440,0.00646954169178515,193,0.00276960608452321,209,0.00302495223759625,226,0.00297180727961288,288,0.0041268431083153,285,0.00382017050024127,297,0.00387258289544026,657,0.00761209593326382,495,0.00614609071381567,365,0.00430719123929102
  Hedging Gains (Losses),,—,,—,,—,,—,,—,,—,,169,0.00834279508318112,78,0.00362790697674419,—,,187,0.00717464702271332,217,0.00876767676767677,3,0.000115340253748558,-191,-0.00687743050554515,-198,-0.00612566902824614,-239,-0.00767353753290952,-103,-0.00315399454940748,80,0.002371072910492,124,0.00315714431204807,137,0.00377005421172845,108,0.00277321281840592,119,0.00293834415664584,91,0.0019750406945198,49,0.00119050511431279,151,0.00394286758753949,-22,-0.000476468932059862,-2,-3.51506204084502e-05,-109,-0.00197056802979354,-7,-0.000113122171945701,62,0.000952117694032372,203,0.00269498838367076,278,0.00408757406890062,375,0.00538135897251919,638,0.00923406472529381,669,0.00879707553124343,84,0.00120366257325863,3,4.02123210551713e-05,-1,-1.3038999647947e-05,150,0.00173792144595064,72,0.000893976831100461,102,0.00120365344221283
  Internet Media,,16523,1.0,—,,—,,—,,—,,—,,—,,—,,—,,—,,—,,—,,—,,—,,—,,—,,—,,—,,—,,—,,—,,—,,—,,—,,—,,—,,—,,—,,—,,—,,—,,—,,—,,—,,—,,—,,—,,—,,—,,—,
Revenue - Supplementary Breakdown,,16523,1.0,—,,—,,—,,—,,—,,—,,—,,—,,—,,—,,—,,—,,—,,—,,—,,—,,—,,—,,—,,—,,—,,—,,—,,—,,—,,—,,—,,—,,—,,—,,—,,—,,—,,—,,—,,—,,—,,—,,—,
  Other,,1703,0.103068450039339,—,,—,,—,,—,,—,,—,,—,,—,,—,,—,,—,,—,,—,,—,,—,,—,,—,,—,,—,,—,,—,,—,,—,,—,,—,,—,,—,,—,,—,,—,,—,,—,,—,,—,,—,,—,,—,,—,,—,
  Advertising,,14820,0.896931549960661,—,,—,,—,,—,,—,,—,,—,,—,,—,,—,,—,,—,,—,,—,,—,,—,,—,,—,,—,,—,,—,,—,,—,,—,,—,,—,,—,,—,,—,,—,,—,,—,,—,,—,,—,,—,,—,,—,,—,
    Google Web Sites,,11252,0.680990134963384,—,,—,,—,,—,,—,,—,,—,,—,,—,,—,,—,,—,,—,,—,,—,,—,,—,,—,,—,,—,,—,,—,,—,,—,,—,,—,,—,,—,,—,,—,,—,,—,,—,,—,,—,,—,,—,,—,,—,
    Google Network Members' Websites,,3568,0.215941414997277,—,,—,,—,,—,,—,,—,,—,,—,,—,,—,,—,,—,,—,,—,,—,,—,,—,,—,,—,,—,,—,,—,,—,,—,,—,,—,,—,,—,,—,,—,,—,,—,,—,,—,,—,,—,,—,,—,,—,
Percentage of Revenue,,—,,—,,—,,—,,—,,—,,—,,—,,—,,—,,—,,—,,—,,—,,—,,—,,—,,—,,—,,—,,—,,—,,—,,—,,—,,—,,—,,—,,—,,—,,—,,—,,—,,—,,—,,—,,—,,—,,—,,—,
  Google Cloud,,—,,—,,—,,—,,—,,—,,—,,—,,—,,—,,—,,—,,—,,—,,—,,—,,—,,—,,5.1,,5.4,,5.9,,—,,6.8,,7.9,,7.5,,—,,—,,—,,—,,—,,—,,—,,—,,—,,—,,—,,—,,—,,—,,—,
  Other Bets,,—,,—,,0.5,,0.4,,0.8,,—,,0.8,,0.9,,—,,—,,0.5,,0.4,,0.4,,—,,0.5,,0.4,,0.4,,—,,0.5,,0.4,,—,,—,,0.3,,0.4,,—,,—,,—,,—,,—,,—,,—,,—,,—,,—,,—,,—,,—,,—,,—,,—,
  Hedging Gains (Losses),,—,,—,,—,,—,,—,,—,,—,,—,,—,,—,,—,,—,,—,,—,,—,,—,,—,,—,,—,,—,,—,,—,,—,,—,,—,,—,,—,,—,,—,,—,,—,,1,,—,,—,,—,,—,,—,,—,,—,,—,
  Google Services,,—,,—,,99.5,,99.6,,99.2,,—,,99.2,,99.1,,—,,—,,99.5,,99.6,,99.6,,—,,99.5,,99.6,,99.6,,—,,99.5,,100,,100,,—,,93.2,,100,,100,,—,,—,,—,,—,,—,,—,,—,,—,,—,,—,,—,,—,,—,,—,,—,
    Licensing and Other,,—,,—,,—,,—,,—,,—,,10.3,,10.2,,—,,—,,13,,—,,—,,—,,14,,13.6,,13.8,,—,,10.8,,10.6,,10.1,,—,,10.8,,13.5,,11.9,,—,,—,,—,,—,,—,,—,,—,,—,,—,,—,,—,,—,,—,,—,,—,
    Google Advertising,,—,,—,,—,,—,,—,,—,,89.7,,17.6,,—,,—,,87,,—,,—,,—,,86,,86.3,,86.2,,—,,84.9,,84,,84,,—,,82.4,,86.5,,80.6,,—,,—,,—,,—,,—,,—,,—,,—,,—,,—,,—,,—,,—,,—,,—,
      Google Properties,,—,,—,,—,,—,,—,,—,,71.3,,—,,—,,—,,70.7,,—,,—,,—,,71,,71.5,,71.6,,—,,71,,70.5,,—,,—,,—,,—,,—,,—,,—,,—,,—,,—,,—,,—,,—,,—,,—,,—,,—,,—,,—,,—,
      Google Network,,—,,—,,—,,—,,—,,—,,18.4,,17.6,,—,,—,,16.3,,—,,—,,—,,15,,14.8,,14.6,,—,,13.9,,13.6,,—,,—,,—,,—,,—,,—,,—,,—,,—,,—,,—,,—,,—,,—,,—,,—,,—,,—,,—,,—,
% of Revenue - Supplementary,,—,,—,,—,,—,,—,,—,,—,,—,,—,,—,,—,,—,,—,,—,,—,,—,,—,,—,,—,,—,,—,,—,,—,,—,,—,,—,,—,,—,,—,,—,,—,,—,,—,,—,,—,,—,,—,,—,,—,,—,
  Other,,10,,—,,—,,—,,—,,—,,—,,—,,—,,—,,—,,—,,—,,—,,—,,—,,—,,—,,—,,—,,—,,—,,—,,—,,—,,—,,—,,—,,—,,—,,—,,—,,—,,—,,—,,—,,—,,—,,—,,—,
  Advertising,,90,,—,,—,,—,,—,,—,,—,,—,,—,,—,,—,,—,,—,,—,,—,,—,,—,,—,,—,,—,,—,,—,,—,,—,,—,,—,,—,,—,,—,,—,,—,,—,,—,,—,,—,,—,,—,,—,,—,,—,
    Google Web Sites,,68,,—,,—,,—,,—,,—,,—,,—,,—,,—,,—,,—,,—,,—,,—,,—,,—,,—,,—,,—,,—,,—,,—,,—,,—,,—,,—,,—,,—,,—,,—,,—,,—,,—,,—,,—,,—,,—,,—,,—,
    Google Network Members' Websites,,22,,—,,—,,—,,—,,—,,—,,—,,—,,—,,—,,—,,—,,—,,—,,—,,—,,—,,—,,—,,—,,—,,—,,—,,—,,—,,—,,—,,—,,—,,—,,—,,—,,—,,—,,—,,—,,—,,—,,—,
Gross Profit,,9828,1.0,—,,—,,—,,—,,—,,—,,—,,—,,—,,—,,—,,—,,—,,—,,—,,—,,—,,—,,—,,—,,—,,—,,—,,—,,—,,—,,—,,—,,—,,—,,—,,—,,—,,—,,—,,—,,—,,—,,—,
  Internet Media,,9828,1.0,—,,—,,—,,—,,—,,—,,—,,—,,—,,—,,—,,—,,—,,—,,—,,—,,—,,—,,—,,—,,—,,—,,—,,—,,—,,—,,—,,—,,—,,—,,—,,—,,—,,—,,—,,—,,—,,—,,—,
Operating Income,,3724,1.0,4399,1.0,4447,1.0,4825,1.0,4708,1.0,5380,1.0,5342,1.0,5968,1.0,5767,1.0,6639,1.0,6568,1.0,4132,1.0,7782,1.0,7664,1.0,7633,1.0,3045,1.0,8625,1.0,8221,1.0,6608,1.0,9180,1.0,9177,1.0,9266,1.0,7977,1.0,6383,1.0,11213,1.0,15651,1.0,16437,1.0,19361,1.0,21031,1.0,21885,1.0,20094,1.0,19453,1.0,17135,1.0,18160,1.0,17415,1.0,21838,1.0,21343,1.0,23697,1.0,25472,1.0,27425,1.0
  Google Services,,—,,5223,1.18731529893158,5188,1.16662918821678,5608,1.16227979274611,5807,1.23343245539507,6744,1.25353159851301,6245,1.16903781355298,6990,1.17124664879357,6778,1.17530778567713,7883,1.18737761711101,7446,1.1336784409257,7664,1.85479186834463,8582,1.10280133641737,8595,1.12147703549061,8368,1.09629241451592,8959,2.94220032840723,9490,1.10028985507246,9576,1.16482179783481,9188,1.39043583535109,10280,1.119825708061,10746,1.17097090552468,13488,1.45564429095618,11548,1.44766202833145,9539,1.49443835187216,14453,1.28895032551503,19066,1.21819692032458,19546,1.18914643791446,22343,1.15402096999122,23973,1.13988873567591,25993,1.1877084761252,22920,1.14063899671544,22770,1.17051354546857,19781,1.15442077618909,21101,1.16194933920705,21737,1.24817685902957,23454,1.07399945049913,23937,1.12153867778663,26730,1.12799088492214,27897,1.09520257537688,29674,1.08200546946217
  Google Cloud,,—,,—,,—,,—,,—,,—,,—,,—,,—,,—,,—,,—,,—,,—,,—,,—,,—,,—,,—,,—,,—,,-1194,-0.12885819123678,-1730,-0.216873511345117,-1426,-0.22340592198026,-1208,-0.107732096673504,-1243,-0.0794198453772922,-974,-0.0592565553324816,-591,-0.0305252827849801,-644,-0.0306214635538015,-890,-0.0406671236006397,-931,-0.046332238479148,-858,-0.0441063075104097,-699,-0.040793697111176,-480,-0.026431718061674,191,0.0109675567039908,395,0.0180877369722502,266,0.0124631026566087,864,0.0364603114318268,900,0.0353329145728643,1172,0.0427347310847767
  Other Bets,,—,,-634,-0.144123664469198,-633,-0.142343152687205,-660,-0.136787564766839,-980,-0.208156329651657,-1213,-0.22546468401487,-774,-0.14488955447398,-855,-0.143264075067024,-865,-0.149991329980926,-1088,-0.163880102425064,-703,-0.107034104750305,-633,-0.153194578896418,-650,-0.0835260858391159,-748,-0.0975991649269311,-571,-0.0748067601205293,-732,-0.240394088669951,-727,-0.0842898550724638,-1328,-0.161537525848437,-868,-0.13135593220339,-989,-0.107734204793028,-941,-0.102538956085867,-2026,-0.218648823656378,-1121,-0.140529020935189,-1116,-0.174839417201943,-1103,-0.0983679657540355,-1136,-0.0725832215193917,-1145,-0.0696599136095395,-1398,-0.0722070141005113,-1288,-0.0612429271076031,-1450,-0.0662554260909299,-1155,-0.0574798447297701,-1686,-0.0866704364365393,-1611,-0.0940180916253283,-1631,-0.0898127753303965,-1225,-0.0703416594889463,-813,-0.0372286839454162,-1194,-0.055943400646582,-863,-0.0364181119972992,-1020,-0.0400439698492462,-1134,-0.0413491340018232
  Hedging Gains (Losses),,—,,-190,-0.0431916344623778,-108,-0.0242860355295705,-123,-0.0254922279792746,-119,-0.0252761257434155,-151,-0.0280669144981413,-129,-0.0241482590789966,-167,-0.0279825737265416,-146,-0.0253164556962025,-156,-0.0234975146859467,-175,-0.0266443361753959,-2899,-0.701597289448209,-150,-0.0192752505782575,-183,-0.0238778705636743,-164,-0.0214856543953884,-5182,-1.70180623973727,-138,-0.016,-27,-0.00328427198637635,-1712,-0.2590799031477,-111,-0.0120915032679739,-628,-0.0684319494388144,-1002,-0.108137276063026,-720,-0.0902594960511471,-614,-0.0961930126899577,-929,-0.0828502630874877,-1036,-0.066193853427896,-990,-0.0602299689724402,-993,-0.051288673105728,-1010,-0.0480243450145024,-1768,-0.0807859264336303,-740,-0.0368269135065194,-773,-0.0397368015216162,-336,-0.0196089874525824,-830,-0.045704845814978,-3288,-0.188802756244617,-1198,-0.0548585035259639,-1666,-0.0780583797966546,-3034,-0.12803308435667,-2305,-0.0904915201005025,-2287,-0.083391066545123
  Internet Media,,3724,1.0,—,,—,,—,,—,,—,,—,,—,,—,,—,,—,,—,,—,,—,,—,,—,,—,,—,,—,,—,,—,,—,,—,,—,,—,,—,,—,,—,,—,,—,,—,,—,,—,,—,,—,,—,,—,,—,,—,,—,
Interest Expense,,25,1.0,—,,—,,—,,—,,—,,—,,—,,—,,—,,—,,—,,—,,—,,—,,—,,—,,—,,—,,—,,—,,—,,—,,—,,—,,—,,—,,—,,—,,—,,—,,—,,—,,—,,—,,—,,—,,—,,—,,—,
  Internet Media,,25,1.0,—,,—,,—,,—,,—,,—,,—,,—,,—,,—,,—,,—,,—,,—,,—,,—,,—,,—,,—,,—,,—,,—,,—,,—,,—,,—,,—,,—,,—,,—,,—,,—,,—,,—,,—,,—,,—,,—,,—,
Interest Income,,187,1.0,—,,—,,—,,—,,—,,—,,—,,—,,—,,—,,—,,—,,—,,—,,—,,—,,—,,—,,—,,—,,—,,—,,—,,—,,—,,—,,—,,—,,—,,—,,—,,—,,—,,—,,—,,—,,—,,—,,—,
  Internet Media,,187,1.0,—,,—,,—,,—,,—,,—,,—,,—,,—,,—,,—,,—,,—,,—,,—,,—,,—,,—,,—,,—,,—,,—,,—,,—,,—,,—,,—,,—,,—,,—,,—,,—,,—,,—,,—,,—,,—,,—,,—,
Pretax Income,,3857,1.0,—,,—,,—,,—,,—,,—,,—,,—,,—,,—,,—,,—,,—,,—,,—,,—,,—,,—,,—,,—,,—,,—,,—,,—,,—,,—,,—,,—,,—,,—,,—,,—,,—,,—,,—,,—,,—,,—,,—,
  Internet Media,,3857,1.0,—,,—,,—,,—,,—,,—,,—,,—,,—,,—,,—,,—,,—,,—,,—,,—,,—,,—,,—,,—,,—,,—,,—,,—,,—,,—,,—,,—,,—,,—,,—,,—,,—,,—,,—,,—,,—,,—,,—,
Income Taxes,,933,1.0,—,,—,,—,,—,,—,,—,,—,,—,,—,,—,,—,,—,,—,,—,,—,,—,,—,,—,,—,,—,,—,,—,,—,,—,,—,,—,,—,,—,,—,,—,,—,,—,,—,,—,,—,,—,,—,,—,,—,
  Internet Media,,933,1.0,—,,—,,—,,—,,—,,—,,—,,—,,—,,—,,—,,—,,—,,—,,—,,—,,—,,—,,—,,—,,—,,—,,—,,—,,—,,—,,—,,—,,—,,—,,—,,—,,—,,—,,—,,—,,—,,—,,—,
Net Income,,2739,1.0,—,,—,,—,,—,,—,,—,,—,,—,,—,,—,,—,,—,,—,,—,,—,,—,,—,,—,,—,,—,,—,,—,,—,,—,,—,,—,,—,,—,,—,,—,,—,,—,,—,,—,,—,,—,,—,,—,,—,
  Internet Media,,2739,1.0,—,,—,,—,,—,,—,,—,,—,,—,,—,,—,,—,,—,,—,,—,,—,,—,,—,,—,,—,,—,,—,,—,,—,,—,,—,,—,,—,,—,,—,,—,,—,,—,,—,,—,,—,,—,,—,,—,,—,
Revenue Growth %,,—,,—,,—,,—,,—,,—,,—,,—,,—,,—,,—,,—,,—,,—,,—,,—,,—,,—,,—,,—,,—,,—,,—,,—,,—,,—,,—,,—,,—,,—,,—,,—,,—,,—,,—,,—,,—,,—,,—,,—,
  Google Cloud,,—,,—,,—,,—,,—,,—,,—,,—,,—,,—,,—,,—,,—,,—,,—,,—,,—,,—,,—,,—,,—,,—,,—,,—,,—,,—,,46,,—,,—,,—,,20,,—,,—,,—,,—,,—,,—,,—,,—,,—,
  Other Bets,,—,,—,,—,,—,,—,,—,,—,,—,,—,,—,,48,,34,,53,,—,,14,,49,,25,,—,,13,,12,,6,,—,,-21,,-9,,14,,—,,—,,—,,—,,—,,—,,—,,—,,—,,—,,—,,—,,—,,—,,—,
  Google Services,,—,,—,,12,,11,,13,,18,,17,,21,,20,,22,,22,,21,,23,,—,,26,,25,,21,,—,,17,,19,,20,,—,,14,,-2,,14,,—,,34,,—,,—,,—,,23,,—,,—,,—,,—,,—,,—,,—,,—,,—,
    Google Other,,—,,—,,23,,17,,11,,24,,24,,33,,39,,62,,—,,—,,—,,—,,—,,—,,—,,—,,—,,—,,—,,—,,—,,—,,—,,—,,—,,—,,—,,—,,—,,—,,—,,—,,—,,—,,—,,—,,—,,—,
    Google Advertising,,—,,—,,11,,11,,13,,17,,16,,19,,18,,17,,—,,—,,—,,—,,—,,—,,—,,—,,—,,—,,—,,—,,—,,—,,—,,—,,—,,—,,—,,—,,—,,—,,—,,—,,—,,—,,—,,—,,—,,—,
      Google Properties,,—,,—,,14,,13,,16,,20,,20,,24,,23,,20,,—,,—,,—,,—,,—,,—,,—,,—,,—,,—,,—,,—,,—,,—,,—,,—,,—,,—,,—,,—,,—,,—,,—,,—,,—,,—,,—,,—,,—,,—,
      Google Network,,—,,—,,1,,2,,4,,7,,3,,3,,1,,7,,—,,—,,—,,—,,—,,—,,—,,—,,—,,—,,—,,—,,—,,—,,—,,—,,—,,—,,—,,—,,—,,—,,—,,—,,—,,—,,—,,—,,—,,—,
Stock Based Compensation,,—,,1201,1.0,1203,1.0,1132,1.0,1432,1.0,1436,1.0,1494,1.0,1503,1.0,1860,1.0,1846,1.0,2009,1.0,2003,1.0,1820,1.0,1847,1.0,2457,1.0,2413,1.0,2230,1.0,2253,1.0,2769,1.0,2760,1.0,2621,1.0,2644,1.0,3190,1.0,3329,1.0,3117,1.0,—,,—,,—,,—,,—,,—,,—,,—,,—,,—,,—,,—,,—,,—,,—,
  Other Bets,,—,,101,0.0840965861781848,117,0.0972568578553616,105,0.092756183745583,128,0.0893854748603352,131,0.0912256267409471,138,0.0923694779116466,149,0.0991350632069195,200,0.10752688172043,161,0.0872156013001083,86,0.0428073668491787,81,0.0404393409885172,94,0.0516483516483516,102,0.055224688684353,112,0.0455840455840456,127,0.0526315789473684,125,0.0560538116591928,125,0.0554815801154017,123,0.0444203683640303,125,0.0452898550724638,117,0.0446394505913773,109,0.0412254160363086,135,0.0423197492163009,136,0.0408531090417543,130,0.0417067693294835,—,,—,,—,,—,,—,,—,,—,,—,,—,,—,,—,,—,,—,,—,,—,
  Hedging Gains (Losses),,—,,22,0.0183180682764363,31,0.0257689110556941,31,0.0273851590106007,29,0.0202513966480447,27,0.0188022284122563,33,0.0220883534136546,33,0.0219560878243513,32,0.0172043010752688,32,0.0173347778981582,41,0.0204081632653061,38,0.018971542685971,36,0.0197802197802198,33,0.0178668110449377,41,0.0166870166870167,-2,-0.000828843762950684,34,0.0152466367713004,36,0.0159786950732357,34,0.0122788010111954,35,0.0126811594202899,34,0.0129721480351011,32,0.0121028744326778,67,0.0210031347962382,67,0.0201261640132172,66,0.0211742059672762,—,,—,,—,,—,,—,,—,,—,,—,,—,,—,,—,,—,,—,,—,,—,
  Google Services,,—,,1078,0.897585345545379,1055,0.876974231088944,996,0.879858657243816,1275,0.89036312849162,1278,0.889972144846797,1323,0.885542168674699,1321,0.878908848968729,1628,0.875268817204301,1653,0.895449620801734,1882,0.936784469885515,1884,0.940589116325512,1690,0.928571428571429,1712,0.926908500270709,2304,0.937728937728938,2288,0.948197264815582,2071,0.928699551569507,2092,0.928539724811362,2612,0.943300830624774,2600,0.942028985507246,2470,0.942388401373522,2503,0.946671709531014,2988,0.936677115987461,3126,0.939020726945029,2921,0.93711902470324,—,,—,,—,,—,,—,,—,,—,,—,,—,,—,,—,,—,,—,,—,,—,
Property/Plant/Equipment,,20981,1.0,—,,—,,—,,—,,—,,—,,—,,—,,—,,—,,—,,—,,—,,—,,—,,—,,—,,—,,—,,—,,—,,—,,—,,—,,—,,—,,—,,—,,—,,—,,—,,—,,—,,—,,—,,—,,—,,—,,—,
  Internet Media,,20981,1.0,—,,—,,—,,—,,—,,—,,—,,—,,—,,—,,—,,—,,—,,—,,—,,—,,—,,—,,—,,—,,—,,—,,—,,—,,—,,—,,—,,—,,—,,—,,—,,—,,—,,—,,—,,—,,—,,—,,—,
Goodwill,,15461,1.0,15599,1.0,—,,—,,—,,15869,1.0,15866,1.0,15841,1.0,—,,16468,1.0,16547,1.0,16604,1.0,16731,1.0,16747,1.0,17862,1.0,17888,1.0,17895,1.0,17888,1.0,17943,1.0,18000,1.0,18069,1.0,20624,1.0,20734,1.0,20824,1.0,20870,1.0,21175,1.0,22341,1.0,22406,1.0,22623,1.0,22956,1.0,23010,1.0,23949,1.0,28834,1.0,28960,1.0,28994,1.0,29210,1.0,29146,1.0,29198,1.0,29183,1.0,29185,1.0
  Google Services,,—,,15599,1.0,—,,—,,—,,15456,0.973974415527128,15455,0.974095550233203,15434,0.974307177577173,—,,16027,0.973220791838717,16100,0.972986039765516,16155,0.972958323295592,16280,0.973044049967127,16295,0.973010091359647,17492,0.979285634307468,17521,0.979483452593918,17526,0.979379715004191,17521,0.979483452593918,17576,0.979546341191551,17633,0.979611111111111,17711,0.980187060711716,19921,0.965913498836307,20036,0.9663354876049,20127,0.966529004994237,20171,0.966506947771921,18517,0.874474616292798,19695,0.881563045521687,19751,0.88150495403017,19827,0.876408964328338,19826,0.863652204216762,19799,0.86045197740113,20618,0.860912772975907,20745,0.719463133800375,20847,0.719854972375691,20908,0.721114713388977,21124,0.723176994180075,21072,0.722980855005833,21118,0.723268717035413,21105,0.723195010793955,21110,0.723316772314545
  Google Cloud,,—,,—,,—,,—,,—,,—,,—,,—,,—,,—,,—,,—,,—,,—,,—,,—,,—,,—,,—,,—,,—,,0,,—,,—,,—,,1957,0.0924203069657615,1956,0.0875520343762589,1963,0.0876104614835312,2004,0.0885824161251823,2337,0.101803450078411,2419,0.105128205128205,2428,0.101382103636895,7189,0.249323715058611,7205,0.248791436464088,7207,0.248568669379872,7206,0.246696336870935,7195,0.246860632676868,7199,0.246557983423522,7197,0.24661618065312,7196,0.246565016275484
  Other Bets,,—,,0,,—,,—,,—,,413,0.0260255844728716,411,0.0259044497667969,407,0.0256928224228268,—,,441,0.0267792081612825,447,0.0270139602344836,449,0.0270416767044086,451,0.0269559500328731,452,0.0269899086403535,370,0.0207143656925316,367,0.0205165474060823,369,0.0206202849958089,367,0.0205165474060823,367,0.020453658808449,367,0.0203888888888889,358,0.0198129392882838,703,0.0340865011636928,698,0.0336645123950998,697,0.0334709950057626,699,0.0334930522280786,701,0.0331050767414404,690,0.0308849201020545,692,0.0308845844862983,792,0.0350086195464792,793,0.0345443457048266,792,0.0344198174706649,903,0.0377051233871978,900,0.0312131511410141,908,0.031353591160221,879,0.0303166172311513,880,0.0301266689489901,879,0.0301585123172991,881,0.0301732995410645,881,0.0301888085529246,879,0.0301182114099709
  Hedging Gains (Losses),,—,,—,,—,,—,,—,,—,,—,,—,,—,,—,,—,,—,,—,,—,,—,,—,,—,,—,,—,,—,,—,,0,,—,,—,,—,,0,,—,,—,,—,,0,,—,,—,,—,,0,,—,,—,,—,,0,,—,,—,
  Internet Media,,15461,1.0,—,,—,,—,,—,,—,,—,,—,,—,,—,,—,,—,,—,,—,,—,,—,,—,,—,,—,,—,,—,,—,,—,,—,,—,,—,,—,,—,,—,,—,,—,,—,,—,,—,,—,,—,,—,,—,,—,,—,
Assets,,125781,1.0,—,,—,,—,,—,,—,,—,,—,,—,,—,,—,,—,,—,,—,,—,,—,,—,,—,,—,,—,,—,,—,,—,,—,,—,,—,,—,,—,,—,,—,,—,,—,,—,,—,,—,,—,,—,,—,,—,,—,
  Internet Media,,125781,1.0,—,,—,,—,,—,,—,,—,,—,,—,,—,,—,,—,,—,,—,,—,,—,,—,,—,,—,,—,,—,,—,,—,,—,,—,,—,,—,,—,,—,,—,,—,,—,,—,,—,,—,,—,,—,,—,,—,,—,
Liabilities,,26966,1.0,—,,—,,—,,—,,—,,—,,—,,—,,—,,—,,—,,—,,—,,—,,—,,—,,—,,—,,—,,—,,—,,—,,—,,—,,—,,—,,—,,—,,—,,—,,—,,—,,—,,—,,—,,—,,—,,—,,—,
  Internet Media,,26966,1.0,—,,—,,—,,—,,—,,—,,—,,—,,—,,—,,—,,—,,—,,—,,—,,—,,—,,—,,—,,—,,—,,—,,—,,—,,—,,—,,—,,—,,—,,—,,—,,—,,—,,—,,—,,—,,—,,—,,—,
Depreciation and Amortization,,1547,1.0,1267,1.0,1177,1.0,1234,1.0,1248,1.0,1404,1.0,1371,1.0,1490,1.0,1596,1.0,1687,1.0,1503,1.0,1625,1.0,1761,1.0,2026,1.0,1986,1.0,2114,1.0,2355,1.0,2580,1.0,2613,1.0,2835,1.0,2920,1.0,3413,1.0,3108,1.0,3386,1.0,3478,1.0,—,,—,,—,,—,,—,,—,,—,,—,,—,,—,,—,,—,,—,,—,,—,
  Other Bets,,—,,51,0.0402525651144436,40,0.0339847068819031,45,0.0364667747163695,48,0.0384615384615385,70,0.0498575498575499,54,0.0393873085339169,81,0.0543624161073826,104,0.0651629072681704,101,0.0598695909899229,87,0.0578842315369262,61,0.0375384615384615,68,0.0386144236229415,91,0.0449160908193485,85,0.0427995971802618,83,0.0392620624408704,78,0.0331210191082803,81,0.0313953488372093,84,0.0321469575200918,79,0.0278659611992945,83,0.0284246575342466,320,0.0937591561675945,92,0.0296010296010296,94,0.0277613703484938,95,0.0273145485911443,—,,—,,—,,—,,—,,—,,—,,—,,—,,—,,—,,—,,—,,—,,—,
  Hedging Gains (Losses),,—,,2,0.0015785319652723,—,,—,,0,,21,0.014957264957265,—,,—,,4,0.0025062656641604,—,,—,,—,,—,,—,,—,,—,,—,,0,,0,,0,,0,,57,0.0167008496923528,3,0.000965250965250965,0,,0,,—,,—,,—,,—,,—,,—,,—,,—,,—,,—,,—,,—,,—,,—,,—,
  Google Services,,—,,1214,0.958168902920284,1137,0.966015293118097,1189,0.963533225283631,1200,0.961538461538462,1313,0.935185185185185,1317,0.960612691466083,1409,0.945637583892618,1488,0.932330827067669,1586,0.940130409010077,1416,0.942115768463074,1564,0.962461538461538,1693,0.961385576377058,1935,0.955083909180652,1901,0.957200402819738,2031,0.96073793755913,2277,0.96687898089172,2499,0.968604651162791,2529,0.967853042479908,2756,0.972134038800705,2837,0.971575342465753,3036,0.889539994140053,3013,0.969433719433719,3292,0.972238629651506,3383,0.972685451408856,—,,—,,—,,—,,—,,—,,—,,—,,—,,—,,—,,—,,—,,—,,—,
  Internet Media,,1547,1.0,—,,—,,—,,—,,—,,—,,—,,—,,—,,—,,—,,—,,—,,—,,—,,—,,—,,—,,—,,—,,—,,—,,—,,—,,—,,—,,—,,—,,—,,—,,—,,—,,—,,—,,—,,—,,—,,—,,—,
Depreciation,,884,1.0,—,,—,,—,,—,,—,,—,,—,,—,,—,,—,,—,,—,,—,,—,,—,,—,,—,,—,,—,,—,,—,,—,,—,,—,,—,,—,,—,,—,,—,,—,,—,,—,,—,,—,,—,,—,,—,,—,,—,
  Internet Media,,884,1.0,—,,—,,—,,—,,—,,—,,—,,—,,—,,—,,—,,—,,—,,—,,—,,—,,—,,—,,—,,—,,—,,—,,—,,—,,—,,—,,—,,—,,—,,—,,—,,—,,—,,—,,—,,—,,—,,—,,—,
R&D Expenses,,2655,1.0,—,,—,,—,,—,,—,,—,,—,,—,,—,,—,,—,,—,,—,,—,,—,,—,,—,,—,,—,,—,,—,,—,,—,,—,,—,,—,,—,,—,,—,,—,,—,,—,,—,,—,,—,,—,,—,,—,,—,
  Internet Media,,2655,1.0,—,,—,,—,,—,,—,,—,,—,,—,,—,,—,,—,,—,,—,,—,,—,,—,,—,,—,,—,,—,,—,,—,,—,,—,,—,,—,,—,,—,,—,,—,,—,,—,,—,,—,,—,,—,,—,,—,,—,
Capital Expenditures,,-2417,,-3551,,-2927,,-2515,,-2839,,-2102,,-2444,,-2536,,-2962,,-3706,,-2644,,-3141,,-3734,,-4307,,-8149,,-5477,,-6114,,-7081,,-4638,,-7796,,-7866,,-7306,,-6005,,-5391,,-5764,,—,,—,,—,,—,,—,,—,,—,,—,,—,,—,,—,,—,,—,,—,,—,
  Other Bets,,—,,-142,0.0399887355674458,-157,0.0536385377519645,-232,0.0922465208747515,-271,0.0954561465304685,-193,0.0918173168411037,-277,0.113338788870704,-280,0.110410094637224,-324,0.109385550303849,-504,0.13599568267674,-167,0.0631618759455371,-148,0.0471187519898122,-73,0.0195500803427959,-105,0.0243789180403993,-55,0.00674929439194993,-10,0.00182581705313128,-55,0.00899574746483481,-61,0.00861460245728004,-59,0.0127210004312204,-65,0.00833760903027193,-71,0.00902618866005594,-86,0.0117711470024637,-104,0.0173189009159034,-96,0.0178074568725654,-120,0.0208188757807078,—,,—,,—,,—,,—,,—,,—,,—,,—,,—,,—,,—,,—,,—,,—,
  Hedging Gains (Losses),,—,,346,-0.0974373415939172,-92,0.0314314998291766,-223,0.0886679920477137,-228,0.0803099682986967,-122,0.0580399619410086,-128,0.0523731587561375,-200,0.0788643533123028,-204,0.0688723835246455,-314,0.0847274689692391,-68,0.0257186081694402,-155,0.0493473416109519,-98,0.0262453133369041,-393,0.0912468075226376,-425,0.0521536384832495,-168,0.0306737264926054,-416,0.0680405626431142,-171,0.0241491314786047,-45,0.00970245795601552,-835,0.107106208311955,-567,0.0720823798627002,-627,0.0858198740761018,-238,0.0396336386344713,-459,0.0851419031719533,-179,0.0310548230395559,—,,—,,—,,—,,—,,—,,—,,—,,—,,—,,—,,—,,—,,—,,—,
  Google Services,,—,,-3755,1.05744860602647,-2678,0.914929962418859,-2060,0.819085487077535,-2340,0.824233885170835,-1787,0.850142721217888,-2039,0.834288052373159,-2056,0.810725552050473,-2434,0.821742066171506,-2888,0.779276848354021,-2409,0.911119515885023,-2838,0.903533906399236,-3563,0.9542046063203,-3809,0.884374274436963,-7669,0.941097067124801,-5299,0.967500456454263,-5643,0.922963689892051,-6849,0.967236266064115,-4534,0.977576541612764,-6896,0.884556182657773,-7228,0.918891431477244,-6593,0.902408978921434,-5663,0.943047460449625,-4836,0.897050639955481,-5465,0.948126301179736,—,,—,,—,,—,,—,,—,,—,,—,,—,,—,,—,,—,,—,,—,,—,
  Internet Media,,-2417,1.0,—,,—,,—,,—,,—,,—,,—,,—,,—,,—,,—,,—,,—,,—,,—,,—,,—,,—,,—,,—,,—,,—,,—,,—,,—,,—,,—,,—,,—,,—,,—,,—,,—,,—,,—,,—,,—,,—,,—,
Number of Subscribers (end of period),,—,,—,,—,,—,,—,,—,,—,,—,,—,,—,,—,,—,,—,,—,,—,,—,,—,,—,,—,,—,,—,,—,,—,,—,,38000,1.0,—,,—,,—,,—,,—,,—,,—,,—,,—,,—,,—,,—,,—,,—,,—,
  YouTube TV,,—,,—,,—,,—,,—,,—,,—,,—,,—,,—,,—,,—,,—,,—,,—,,—,,—,,—,,—,,—,,—,,—,,—,,—,,3000,0.0789473684210526,—,,—,,—,,—,,—,,—,,—,,—,,—,,—,,—,,—,,—,,—,,—,
  YouTube Premium,,—,,—,,—,,—,,—,,—,,—,,—,,—,,—,,—,,—,,—,,—,,—,,—,,—,,—,,—,,—,,—,,—,,—,,—,,35000,0.921052631578947,—,,—,,—,,—,,—,,—,,—,,—,,—,,—,,—,,—,,—,,—,,—,
Number of Paid Subscribers,,—,,—,,—,,—,,—,,—,,—,,—,,—,,—,,—,,—,,—,,—,,—,,—,,—,,—,,—,,—,,—,,—,,—,,—,,33000,1.0,30000,1.0,—,,—,,—,,—,,—,,—,,—,,—,,—,,—,,—,,—,,—,,—,
  YouTube Premium,,—,,—,,—,,—,,—,,—,,—,,—,,—,,—,,—,,—,,—,,—,,—,,—,,—,,—,,—,,—,,—,,—,,—,,—,,—,,30000,1.0,—,,—,,—,,—,,—,,—,,—,,—,,—,,—,,—,,—,,—,,—,
  YouTube TV,,—,,—,,—,,—,,—,,—,,—,,—,,—,,—,,—,,—,,—,,—,,—,,—,,—,,—,,—,,—,,—,,—,,—,,—,,3000,0.0909090909090909,—,,—,,—,,—,,—,,—,,—,,—,,—,,—,,—,,—,,—,,—,,—,
  YouTube Premium,,—,,—,,—,,—,,—,,—,,—,,—,,—,,—,,—,,—,,—,,—,,—,,—,,—,,—,,—,,—,,—,,—,,—,,—,,30000,0.909090909090909,—,,—,,—,,—,,—,,—,,—,,—,,—,,—,,—,,—,,—,,—,,—,
Number of Free Subscribers,,—,,—,,—,,—,,—,,—,,—,,—,,—,,—,,—,,—,,—,,—,,—,,—,,—,,—,,—,,—,,—,,—,,—,,—,,5000,1.0,—,,—,,—,,—,,—,,—,,—,,—,,—,,—,,—,,—,,—,,—,,—,
  YouTube Premium,,—,,—,,—,,—,,—,,—,,—,,—,,—,,—,,—,,—,,—,,—,,—,,—,,—,,—,,—,,—,,—,,—,,—,,—,,5000,1.0,—,,—,,—,,—,,—,,—,,—,,—,,—,,—,,—,,—,,—,,—,,—,
Paid Clicks YOY %,,—,,—,,—,,—,,—,,—,,—,,—,,—,,—,,—,,—,,—,,—,,—,,—,,—,,—,,—,,—,,—,,—,,—,,—,,—,,—,,—,,—,,—,,—,,—,,—,,—,,—,,—,,—,,—,,—,,—,,—,
  Google Search & Other,,—,,—,,—,,—,,—,,—,,—,,—,,—,,—,,—,,—,,—,,—,,—,,—,,—,,—,,—,,—,,—,,—,,—,,—,,—,,—,,25,,26,,22,,—,,16,,12,,8,,—,,8,,8,,7,,—,,5,,6,
  Google Network,,—,,14,,-12,,-9,,-5,,2,,2,,0,,1,,7,,10,,9,,10,,13,,37,,1,,1,,7,,6,,11,,12,,—,,12,,16,,15,,—,,7,,1,,2,,—,,5,,6,,3,,—,,-5,,0,,-3,,—,,-13,,-17,
  Advertising,,—,,11,,—,,—,,—,,31,,—,,—,,—,,—,,—,,—,,—,,—,,—,,—,,—,,—,,—,,—,,—,,—,,—,,—,,—,,—,,—,,—,,—,,—,,—,,—,,—,,—,,—,,—,,—,,—,,—,,—,
  Google Properties,,—,,25,,25,,30,,35,,40,,38,,37,,42,,43,,53,,61,,55,,48,,59,,58,,62,,66,,39,,28,,18,,—,,—,,—,,—,,—,,—,,—,,—,,—,,—,,—,,—,,—,,—,,—,,—,,—,,—,,—,
Cost per Click YoY%,,—,,—,,—,,—,,—,,—,,—,,—,,—,,—,,—,,—,,—,,—,,—,,—,,—,,—,,—,,—,,—,,—,,—,,—,,—,,—,,—,,—,,—,,—,,—,,—,,—,,—,,—,,—,,—,,—,,—,,—,
  Google Network,,—,,-3,,2,,-3,,-4,,-8,,-8,,-8,,-14,,-19,,-17,,-11,,-5,,-4,,-17,,14,,11,,5,,1,,-1,,-3,,—,,-7,,-23,,-7,,—,,19,,63,,39,,—,,17,,2,,-5,,—,,-5,,-5,,1,,—,,14,,13,
  Google Search & Other,,—,,—,,—,,—,,—,,—,,—,,—,,—,,—,,—,,—,,—,,—,,—,,—,,—,,—,,—,,—,,—,,—,,—,,—,,—,,—,,3,,31,,18,,—,,8,,0,,-5,,—,,-7,,-3,,4,,—,,8,,7,
  Advertising,,—,,-3,,—,,—,,—,,-13,,—,,—,,—,,—,,—,,—,,—,,—,,—,,—,,—,,—,,—,,—,,—,,—,,—,,—,,—,,—,,—,,—,,—,,—,,—,,—,,—,,—,,—,,—,,—,,—,,—,,—,
  Google Properties,,—,,-8,,-13,,-16,,-16,,-16,,-12,,-9,,-13,,-16,,-21,,-26,,-21,,-16,,-19,,-22,,-28,,-29,,-19,,-11,,-2,,—,,—,,—,,—,,—,,—,,—,,—,,—,,—,,—,,—,,—,,—,,—,,—,,—,,—,,—,
Traffic Acquisition Costs,,3348,1.0,3624,1.0,3345,1.0,3377,1.0,3566,1.0,4065,1.0,3788,1.0,3975,1.0,4182,1.0,4848,1.0,4629,1.0,5091,1.0,5502,1.0,6450,1.0,6288,1.0,6420,1.0,6582,1.0,7436,1.0,6860,1.0,7238,1.0,7490,1.0,8501,1.0,7452,1.0,6694,1.0,8166,1.0,10466,1.0,9712,1.0,10929,1.0,11498,1.0,13427,1.0,11990,1.0,12214,1.0,11826,1.0,12925,1.0,11721,1.0,12537,1.0,12642,1.0,13986,1.0,12946,1.0,13387,1.0
  Google Services,,—,,3624,1.0,3345,1.0,3377,1.0,3566,1.0,4065,1.0,3788,1.0,3975,1.0,4182,1.0,4848,1.0,4629,1.0,5091,1.0,5502,1.0,6450,1.0,6288,1.0,6420,1.0,6582,1.0,7436,1.0,6860,1.0,7238,1.0,7490,1.0,8501,1.0,7452,1.0,6694,1.0,8166,1.0,10466,1.0,9712,1.0,10929,1.0,11498,1.0,13427,1.0,11990,1.0,12214,1.0,11826,1.0,12925,1.0,11721,1.0,12537,1.0,12642,1.0,13986,1.0,12946,1.0,13387,1.0
    Google Advertising,,3348,1.0,3624,1.0,3345,1.0,3377,1.0,3566,1.0,4065,1.0,3788,1.0,3975,1.0,4182,1.0,4848,1.0,4629,1.0,5091,1.0,5502,1.0,6450,1.0,6288,1.0,6420,1.0,6582,1.0,7436,1.0,6860,1.0,7238,1.0,7490,1.0,8501,1.0,7452,1.0,6694,1.0,8166,1.0,10466,1.0,9712,1.0,10929,1.0,11498,1.0,13427,1.0,11990,1.0,12214,1.0,11826,1.0,12925,1.0,11721,1.0,12537,1.0,12642,1.0,13986,1.0,12946,1.0,13387,1.0
      Google Properties,,927,0.276881720430108,968,0.267108167770419,913,0.272944693572496,945,0.279834172342316,1052,0.295008412787437,1201,0.295448954489545,1217,0.321277719112988,1352,0.340125786163522,1559,0.372788139646102,1766,0.364273927392739,1805,0.389933030892201,2049,0.402474955804361,2401,0.436386768447837,2776,0.430387596899225,2902,0.461513994910941,3009,0.468691588785047,3155,0.479337587359465,3506,0.471490048413125,—,,—,,—,,—,,—,,—,,—,,—,,—,,—,,—,,—,,—,,—,,—,,—,,—,,—,,—,,—,,—,,—,
      Google Network Members' Properties,,2421,0.723118279569892,2656,0.732891832229581,2432,0.727055306427504,2432,0.720165827657684,2514,0.704991587212563,2864,0.704551045510455,2571,0.678722280887012,2623,0.659874213836478,2623,0.627211860353898,3082,0.635726072607261,2824,0.610066969107799,3042,0.597525044195639,3101,0.563613231552163,3674,0.569612403100775,3386,0.538486005089059,3411,0.531308411214953,3427,0.520662412640535,3930,0.528509951586875,—,,—,,—,,—,,—,,—,,—,,—,,—,,—,,—,,—,,—,,—,,—,,—,,—,,—,,—,,—,,—,,—,
Source: Bloomberg,,,,,,,,,,,,,,,,,,,,,,,,,,,,,,,,,,,,,,,,,,,,,,,,,,,,,,,,,,,,,,,,,,,,,,,,,,,,,,,,,
