UNP US Equity,Unnamed: 1,Unnamed: 2,Unnamed: 3,Unnamed: 4,Unnamed: 5,Unnamed: 6,Unnamed: 7,Unnamed: 8,Unnamed: 9,Unnamed: 10,Unnamed: 11,Unnamed: 12,Unnamed: 13,Unnamed: 14,Unnamed: 15,Unnamed: 16,Unnamed: 17,Unnamed: 18,Unnamed: 19,Unnamed: 20,Unnamed: 21,Unnamed: 22,Unnamed: 23,Unnamed: 24,Unnamed: 25,Unnamed: 26,Unnamed: 27,Unnamed: 28,Unnamed: 29,Unnamed: 30,Unnamed: 31,Unnamed: 32,Unnamed: 33,Unnamed: 34,Unnamed: 35,Unnamed: 36,Unnamed: 37,Unnamed: 38,Unnamed: 39,Unnamed: 40,Unnamed: 41,Unnamed: 42,Unnamed: 43,Unnamed: 44,Unnamed: 45,Unnamed: 46,Unnamed: 47,Unnamed: 48,Unnamed: 49,Unnamed: 50,Unnamed: 51,Unnamed: 52,Unnamed: 53,Unnamed: 54,Unnamed: 55,Unnamed: 56,Unnamed: 57,Unnamed: 58,Unnamed: 59,Unnamed: 60,Unnamed: 61,Unnamed: 62,Unnamed: 63,Unnamed: 64,Unnamed: 65,Unnamed: 66,Unnamed: 67,Unnamed: 68,Unnamed: 69,Unnamed: 70,Unnamed: 71,Unnamed: 72,Unnamed: 73,Unnamed: 74,Unnamed: 75,Unnamed: 76,Unnamed: 77,Unnamed: 78,Unnamed: 79,Unnamed: 80,Unnamed: 81,Unnamed: 82,Unnamed: 83,Unnamed: 84,Unnamed: 85,Unnamed: 86,Unnamed: 87,Unnamed: 88,Unnamed: 89,Unnamed: 90,Unnamed: 91,Unnamed: 92,Unnamed: 93,Unnamed: 94,Unnamed: 95,Unnamed: 96,Unnamed: 97,Unnamed: 98,Unnamed: 99,Unnamed: 100,Unnamed: 101,Unnamed: 102,Unnamed: 103,Unnamed: 104,Unnamed: 105,Unnamed: 106,Unnamed: 107,Unnamed: 108,Unnamed: 109,Unnamed: 110,Unnamed: 111,Unnamed: 112,Unnamed: 113,Unnamed: 114,Unnamed: 115,Unnamed: 116,Unnamed: 117,Unnamed: 118,Unnamed: 119,Unnamed: 120,Unnamed: 121,Unnamed: 122,Unnamed: 123,Unnamed: 124,Unnamed: 125,Unnamed: 126,Unnamed: 127,Unnamed: 128,Unnamed: 129,Unnamed: 130,Unnamed: 131,Unnamed: 132,Unnamed: 133,Unnamed: 134,Unnamed: 135,Unnamed: 136,Unnamed: 137,Unnamed: 138,Unnamed: 139,Unnamed: 140,Unnamed: 141,Unnamed: 142,Unnamed: 143,Unnamed: 144,Unnamed: 145,Unnamed: 146,Unnamed: 147,Unnamed: 148,Unnamed: 149,Unnamed: 150,Unnamed: 151,Unnamed: 152,Unnamed: 153,Unnamed: 154,Unnamed: 155,Unnamed: 156,Unnamed: 157,Unnamed: 158,Unnamed: 159,Unnamed: 160,Unnamed: 161,Unnamed: 162,Unnamed: 163,Unnamed: 164,Unnamed: 165,Unnamed: 166,Unnamed: 167,Unnamed: 168,Unnamed: 169,Unnamed: 170,Unnamed: 171,Unnamed: 172,Unnamed: 173
Union Pacific Corp (UNP US) - By Measure,,,,,,,,,,,,,,,,,,,,,,,,,,,,,,,,,,,,,,,,,,,,,,,,,,,,,,,,,,,,,,,,,,,,,,,,,,,,,,,,,,,,,,,,,,,,,,,,,,,,,,,,,,,,,,,,,,,,,,,,,,,,,,,,,,,,,,,,,,,,,,,,,,,,,,,,,,,,,,,,,,,,,,,,,,,,,
,,,,,,,,,,,,,,,,,,,,,,,,,,,,,,,,,,,,,,,,,,,,,,,,,,,,,,,,,,,,,,,,,,,,,,,,,,,,,,,,,,,,,,,,,,,,,,,,,,,,,,,,,,,,,,,,,,,,,,,,,,,,,,,,,,,,,,,,,,,,,,,,,,,,,,,,,,,,,,,,,,,,,,,,,,,,,
In Millions of USD except Per Share,,Q1 2003,,Q2 2003,,Q3 2003,,Q4 2003,,Q1 2004,,Q2 2004,,Q3 2004,,Q4 2004,,Q1 2005,,Q2 2005,,Q3 2005,,Q4 2005,,Q1 2006,,Q2 2006,,Q3 2006,,Q4 2006,,Q1 2007,,Q2 2007,,Q3 2007,,Q4 2007,,Q1 2008,,Q2 2008,,Q3 2008,,Q4 2008,,Q1 2009,,Q2 2009,,Q3 2009,,Q4 2009,,Q1 2010,,Q2 2010,,Q3 2010,,Q4 2010,,Q1 2011,,Q2 2011,,Q3 2011,,Q4 2011,,Q1 2012,,Q2 2012,,Q3 2012,,Q4 2012,,Q1 2013,,Q2 2013,,Q3 2013,,Q4 2013,,Q1 2014,,Q2 2014,,Q3 2014,,Q4 2014,,Q1 2015,,Q2 2015,,Q3 2015,,Q4 2015,,Q1 2016,,Q2 2016,,Q3 2016,,Q4 2016,,Q1 2017,,Q2 2017,,Q3 2017,,Q4 2017,,Q1 2018,,Q2 2018,,Q3 2018,,Q4 2018,,Q1 2019,,Q2 2019,,Q3 2019,,Q4 2019,,Q1 2020,,Q2 2020,,Q3 2020,,Q4 2020,,Q1 2021,,Q2 2021,,Q3 2021,,Q4 2021,,Q1 2022,,Q2 2022,,Q3 2022,,Q4 2022,,Q1 2023,,Q2 2023,,Q3 2023,,Q4 2023,,Q1 2024,,Q2 2024,
3 Months Ending,,03/31/2003,,06/30/2003,,09/30/2003,,12/31/2003,,03/31/2004,,06/30/2004,,09/30/2004,,12/31/2004,,03/31/2005,,06/30/2005,,09/30/2005,,12/31/2005,,03/31/2006,,06/30/2006,,09/30/2006,,12/31/2006,,03/31/2007,,06/30/2007,,09/30/2007,,12/31/2007,,03/31/2008,,06/30/2008,,09/30/2008,,12/31/2008,,03/31/2009,,06/30/2009,,09/30/2009,,12/31/2009,,03/31/2010,,06/30/2010,,09/30/2010,,12/31/2010,,03/31/2011,,06/30/2011,,09/30/2011,,12/31/2011,,03/31/2012,,06/30/2012,,09/30/2012,,12/31/2012,,03/31/2013,,06/30/2013,,09/30/2013,,12/31/2013,,03/31/2014,,06/30/2014,,09/30/2014,,12/31/2014,,03/31/2015,,06/30/2015,,09/30/2015,,12/31/2015,,03/31/2016,,06/30/2016,,09/30/2016,,12/31/2016,,03/31/2017,,06/30/2017,,09/30/2017,,12/31/2017,,03/31/2018,,06/30/2018,,09/30/2018,,12/31/2018,,03/31/2019,,06/30/2019,,09/30/2019,,12/31/2019,,03/31/2020,,06/30/2020,,09/30/2020,,12/31/2020,,03/31/2021,,06/30/2021,,09/30/2021,,12/31/2021,,03/31/2022,,06/30/2022,,09/30/2022,,12/31/2022,,03/31/2023,,06/30/2023,,09/30/2023,,12/31/2023,,03/31/2024,,06/30/2024,
Revenue,,2736,1.0,2894,1.0,2956,1.0,2965,1.0,2893,1.0,3029,1.0,3076,1.0,3217,1.0,3152,1.0,3344,1.0,3461,1.0,3621,1.0,3710,1.0,3923,1.0,3983,1.0,3962,1.0,3849,1.0,4046,1.0,4197,1.0,4197,1.0,4270,1.0,4568,1.0,4846,1.0,4286,1.0,3415,1.0,3303,1.0,3671,1.0,3754,1.0,3965,1.0,4182,1.0,4408,1.0,4410,1.0,4490,1.0,4858,1.0,5101,1.0,5108,1.0,5112,1.0,5221,1.0,5343,1.0,5250,1.0,5290,1.0,5470,1.0,5573,1.0,5630,1.0,5638,1.0,6015,1.0,6182,1.0,6153,1.0,5614,1.0,5429,1.0,5562,1.0,5208,1.0,4829,1.0,4770,1.0,5174,1.0,5168,1.0,5132,1.0,5250,1.0,5408,1.0,5450,1.0,5475,1.0,5672,1.0,5928,1.0,5757,1.0,5384,1.0,5596,1.0,5516,1.0,5212,1.0,5229,1.0,4244,1.0,4919,1.0,5141,1.0,5001,1.0,5504,1.0,5566,1.0,5733,1.0,5860,1.0,6269,1.0,6566,1.0,6300,1.0,6056,1.0,5963,1.0,5941,1.0,6159,1.0,6031,1.0,6007,1.0
  Freight,,2607,0.952850877192982,2764,0.955079474775397,2827,0.956359945872801,2842.917,0.958825295109612,2777,0.959903214656066,2901,0.957741828986464,2944,0.957087126137841,3069.668,0.95420205160087,3004,0.953045685279188,3196,0.955741626794258,3302,0.954059520369835,3454.939,0.954139464236399,3543,0.954986522911051,3742,0.953861840428244,3802,0.954556866683404,3775,0.952801615345785,3655,0.94959729799948,3853,0.952298566485418,3996,0.952108649035025,3988,0.950202525613533,4059,0.950585480093677,4349,0.952057793345009,4630,0.955427156417664,4080,0.951936537564162,3240,0.948755490483163,3121,0.944898577051166,3471,0.945518932171071,3541,0.94326052210975,3755,0.94703656998739,3956,0.945958871353419,4187,0.94986388384755,4171,0.945804988662131,4248,0.946102449888641,4595,0.945862494853849,4836,0.948049402078024,4829,0.945379796397807,4823,0.943466353677621,4913,0.941007469833365,5019,0.93935991016283,4931,0.939238095238095,4984,0.942155009451796,5153,0.942047531992687,5250,0.942041988157186,5297,0.940852575488455,5286,0.937566512947854,5661,0.941147132169576,5819,0.941281138790036,5794,0.941654477490655,5251,0.93534022087638,5068,0.933505249585559,5215,0.937612369651205,4863,0.933755760368664,4502,0.932284116794368,4430,0.928721174004193,4837,0.934866640896792,4832,0.934984520123839,4794,0.934138737334373,4906,0.93447619047619,5050,0.933801775147929,5087,0.933394495412844,5122,0.935525114155251,5317,0.937411847672779,5558,0.937584345479082,5387,0.935730415146778,5010,0.930534918276374,5236,0.93566833452466,5146,0.932922407541697,4851,0.930736761320031,4880,0.933256836871295,3972,0.935909519321395,4596,0.934336247204716,4803,0.934254036179732,4649,0.929614077184563,5132,0.932412790697674,5166,0.928135106000719,5297,0.92394906680621,5440,0.928327645051195,5842,0.931887063327484,6109,0.930399025281754,5888,0.934603174603175,5656,0.933949801849405,5569,0.933925876236794,5545,0.933344554788756,5801,0.941873680792336,5616,0.931188857569226,5638,0.938571666389213
    Energy,,561,0.205043859649123,602,0.208016586040083,628,0.212449255751015,620.975,0.209435075885329,586,0.202557898375389,597,0.197094750742819,629,0.204486345903771,592.839,0.184283183089835,668,0.211928934010152,629,0.188098086124402,651,0.188095926032938,629.418,0.173824357912179,699,0.188409703504043,733,0.186846800917665,763,0.191564147627416,758,0.191317516405856,731,0.189919459599896,761,0.188086999505685,827,0.197045508696688,818,0.19490111984751,857,0.200702576112412,919,0.201182136602452,1051,0.216879900949236,983,0.229351376574895,—,,—,,—,,—,,—,,—,,—,,—,,—,,—,,—,,—,,—,,—,,—,,—,,—,,—,,—,,—,,—,,—,,—,,—,,—,,—,,—,,—,,—,,—,,—,,—,,1637,0.318978955572876,1761,0.335428571428571,1807,0.334134615384615,1820,0.33394495412844,1864,0.340456621004566,1988,0.35049365303244,1988,0.335357624831309,1849,0.321174222685426,1839,0.341567607726597,1937,0.34614010007148,1902,0.344815083393764,1794,0.344205679201842,1894,0.362210747752916,1500,0.353440150801131,1567,0.318560683065664,1661,0.323088893211437,1656,0.331133773245351,1859,0.337754360465116,1911,0.343334531081567,1897,0.330891330891331,1921,0.327815699658703,2091,0.333546020098899,2194,0.334145598537923,1999,0.317301587301587,2017,0.333058124174373,2086,0.349823914137179,2057,0.346238007069517,2078,0.337392433836662,2104,0.348864201624938,2123,0.35342100882304
    Agricultural,,373,0.136330409356725,374,0.129232895646164,411,0.139039242219215,419.951,0.141636087689713,411,0.142067058416868,399,0.131726642456256,394,0.128088426527958,471.259,0.146490208268573,448,0.142131979695431,463,0.138456937799043,502,0.145044784744294,558.358,0.154199944766639,563,0.151752021563342,565,0.144022431812388,597,0.149887019834296,670,0.169106511862696,611,0.15874253052741,605,0.149530400395452,667,0.158923040266857,719,0.171312842506552,756,0.177049180327869,778,0.17031523642732,848,0.174989682212134,792,0.184787680821279,—,,—,,—,,—,,—,,—,,—,,—,,—,,—,,—,,—,,—,,—,,—,,—,,—,,—,,—,,—,,—,,—,,—,,—,,—,,—,,—,,—,,—,,—,,—,,—,,436,0.0849571317225253,467,0.0889523809523809,468,0.0865384615384615,486,0.0891743119266055,496,0.0905936073059361,501,0.0883286318758815,566,0.0954790823211876,568,0.0986624978287302,566,0.105126300148588,595,0.106325947105075,598,0.108411892675852,626,0.120107444359171,627,0.119908204245554,431,0.101555136663525,464,0.0943281154706241,515,0.100175063217273,530,0.105978804239152,546,0.0992005813953488,578,0.103844771828962,558,0.0973312401883831,552,0.09419795221843,586,0.0934758334662626,624,0.0950350289369479,624,0.0990476190476191,613,0.101221928665786,632,0.105986919335905,611,0.102844638949672,665,0.107972073388537,679,0.112584977615652,658,0.109538871316797
    Industrial Products,,510,0.18640350877193,561,0.193849343469247,571,0.193166441136671,537.962,0.181437436762226,563,0.194607673695126,606,0.200066028392209,622,0.20221066319896,627.22,0.194970469381411,630,0.199873096446701,719,0.215011961722488,724,0.209188095926033,746.282,0.206098315382491,775,0.208894878706199,822,0.209533520265103,829,0.208134571930706,743,0.187531549722362,741,0.192517537022603,805,0.198961937716263,795,0.189421015010722,753,0.179413867047891,773,0.181030444964871,877,0.191987740805604,906,0.18695831613702,717,0.167288847410173,—,,—,,—,,—,,—,,—,,—,,—,,—,,—,,—,,—,,—,,—,,—,,—,,—,,—,,—,,—,,—,,—,,—,,—,,—,,—,,—,,—,,—,,—,,—,,—,,506,0.0985970381917381,580,0.11047619047619,637,0.117788461538462,638,0.117064220183486,642,0.117260273972603,712,0.125528913963329,627,0.105769230769231,540,0.0937988535695675,452,0.0839524517087667,482,0.086132952108649,494,0.0895576504713561,457,0.0876822716807368,495,0.0946643717728055,435,0.102497643732328,454,0.0922951819475503,461,0.0896712701808987,435,0.0869826034793041,498,0.0904796511627907,503,0.0903701042040963,507,0.0884353741496599,520,0.0887372013651877,557,0.0888498963152018,579,0.0881815412732257,502,0.0796825396825397,536,0.0885072655217966,545,0.0913969478450444,557,0.0937552600572294,538,0.0873518428316285,572,0.0948433095672359,593,0.0987181621441651
    Intermodal,,467,0.170687134502924,514,0.177608845888044,540,0.182679296346414,544.786,0.183738954468803,510,0.17628759073626,544,0.179597226807527,579,0.188231469440832,607.134,0.1887267640659,524,0.166243654822335,597,0.178528708133971,651,0.188095926032938,693.971,0.19165175365921,644,0.173584905660377,695,0.177160336477186,745,0.187044940999247,725,0.182988389702171,674,0.175110418290465,721,0.178200692041523,769,0.183226113890874,755,0.179890397903264,707,0.165573770491803,769,0.168345008756567,842,0.17375154766818,705,0.164489034064396,—,,—,,—,,—,,—,,—,,—,,—,,—,,—,,—,,—,,—,,—,,—,,—,,—,,—,,—,,—,,—,,—,,—,,—,,—,,—,,—,,—,,—,,—,,—,,—,,418,0.0814497272018706,426,0.0811428571428571,422,0.0780325443786982,413,0.0757798165137615,433,0.0790867579908676,460,0.0811001410437236,485,0.0818151147098515,450,0.0781657113079729,536,0.099554234769688,557,0.0995353824160114,520,0.0942712110224801,429,0.0823100537221796,469,0.0896921017402945,368,0.0867106503298775,365,0.0742020735921935,378,0.0735265512546197,375,0.0749850029994001,467,0.0848473837209302,488,0.0876751706791233,481,0.0839002267573696,485,0.0827645051194539,562,0.0896474716860743,601,0.0915321352421566,548,0.086984126984127,536,0.0885072655217966,562,0.0942478618145229,556,0.0935869382258879,540,0.0876765708718948,515,0.0853921406068645,530,0.0882303978691527
    Chemicals,,394,0.144005847953216,393,0.135798203178991,401,0.135656292286874,401.129,0.13528802698145,410,0.141721396474248,429,0.141630901287554,433,0.140767230169051,446.806,0.13888902704383,441,0.13991116751269,459,0.137260765550239,474,0.136954637388038,475.338,0.131272576636288,501,0.135040431266846,537,0.136885036961509,540,0.135576198845092,520,0.131246845027764,544,0.141335411795272,574,0.141868512110727,587,0.139861806051942,569,0.135573028353586,603,0.141217798594848,654,0.143169877408056,659,0.13598844407759,578,0.134857676154923,—,,—,,—,,—,,—,,—,,—,,—,,—,,—,,—,,—,,—,,—,,—,,—,,—,,—,,—,,—,,—,,—,,—,,—,,—,,—,,—,,—,,—,,—,,—,,—,,277,0.053975058456742,288,0.0548571428571429,280,0.0517751479289941,283,0.0519266055045872,293,0.0535159817351598,315,0.0555359661495063,310,0.0522941970310391,291,0.0505471599791558,285,0.0529346210995542,303,0.0541458184417441,290,0.0525743292240754,282,0.0541059094397544,303,0.0579460699942628,266,0.0626767200754006,284,0.0577353120552958,307,0.0597160085586462,316,0.0631873625274945,348,0.0632267441860465,342,0.0614444843693856,351,0.0612244897959184,364,0.0621160409556314,386,0.0615728186313607,390,0.0593968930855925,325,0.0515873015873016,332,0.0548216644649934,347,0.0581921851417072,333,0.0560511698367278,335,0.0543919467446014,338,0.0560437738351849,342,0.0569335774929249
    Automotive,,302,0.110380116959064,320,0.110573600552868,276,0.0933694181326116,318.114,0.107289713322091,297,0.102661596958175,326,0.107626279300099,287,0.0933029908972692,324.41,0.100842399751321,293,0.0929568527918782,329,0.0983851674641148,300,0.0866801502455938,351.572,0.0970925158795913,361,0.0973045822102426,390,0.099413713994392,328,0.0823499874466483,359,0.0906108026249369,354,0.0919719407638348,387,0.0956500247157687,351,0.0836311651179414,374,0.0891112699547296,363,0.0850117096018735,352,0.0770577933450088,324,0.0668592653735039,305,0.0711619225384974,—,,—,,—,,—,,—,,—,,—,,—,,—,,—,,—,,—,,—,,—,,—,,—,,—,,—,,—,,—,,—,,—,,—,,—,,—,,—,,—,,—,,—,,—,,—,,—,,1753,0.341582229150429,1693,0.32247619047619,1794,0.331730769230769,1747,0.320550458715596,1747,0.319086757990868,1675,0.295310296191819,1857,0.313259109311741,1790,0.310925829425048,1551,0.288075780089153,1621,0.289671193709793,1562,0.283176214648296,1508,0.289332310053722,1452,0.277682157200229,1086,0.255890669180019,1551,0.315307989428746,1580,0.307333203656876,1481,0.296140771845631,1625,0.295239825581395,1568,0.281710384477183,1591,0.277516134658992,1687,0.287883959044369,1938,0.309140213750199,1956,0.297898263783125,1836,0.291428571428571,1742,0.287648612945839,1726,0.28945161831293,1722,0.289850193570106,1785,0.289819775937652,1695,0.281047919084729,1794,0.298651573164641
  Others,,129,0.0471491228070175,130,0.0449205252246026,129,0.0436400541271989,122.083,0.0411747048903879,116,0.0400967853439336,128,0.0422581710135358,132,0.0429128738621587,147.332,0.0457979483991296,148,0.0469543147208122,148,0.0442583732057416,159,0.0459404796301647,166.061,0.0458605357636012,167,0.0450134770889488,181,0.0461381595717563,181,0.0454431333165955,187,0.047198384654215,194,0.0504027020005196,193,0.0477014335145823,201,0.047891350964975,209,0.0497974743864665,211,0.0494145199063232,219,0.0479422066549912,216,0.0445728435823359,206,0.0480634624358376,—,,—,,—,,—,,—,,—,,—,,—,,—,,—,,—,,—,,—,,—,,—,,—,,—,,—,,—,,—,,—,,—,,—,,—,,—,,—,,—,,—,,—,,—,,—,,—,,701,0.136593920498831,652,0.124190476190476,659,0.12185650887574,676,0.124036697247706,681,0.124383561643836,687,0.121121297602257,697,0.117577597840756,691,0.12002779225291,1031,0.191493313521545,1067,0.190671908506076,1020,0.184916606236403,1001,0.192056792018419,928,0.177471791929623,897,0.211357210179076,1070,0.217523886968896,1094,0.212799066329508,1034,0.206758648270346,1197,0.217478197674419,1151,0.206791232482932,1122,0.19570905285191,1186,0.202389078498294,1377,0.2196522571383,1355,0.206366128540969,1242,0.197142857142857,1155,0.190719947159841,1101,0.184638604729163,1113,0.187342198283117,1185,0.192401363857769,1084,0.179738020228818,1135,0.188946229399034
Revenue Per Unit,,—,,—,,—,,—,,—,,—,,—,,—,,—,,—,,—,,—,,—,,—,,—,,—,,—,,—,,—,,—,,—,,—,,—,,—,,—,,—,,—,,—,,—,,—,,—,,—,,—,,—,,—,,—,,—,,—,,—,,—,,—,,—,,—,,—,,—,,—,,—,,—,,—,,—,,—,,—,,—,,—,,—,,—,,661,0.128799688230709,631,0.120190476190476,724,0.13387573964497,677,0.124220183486239,650,0.118721461187215,563,0.0992595204513399,726,0.12246963562753,668,0.116032655897169,520,0.0965824665676077,554,0.0989992852037169,542,0.0982596084118927,507,0.0972755180353031,524,0.100210365270606,189,0.0445334590009425,481,0.0977841024598496,486,0.0945341373273682,447,0.0893821235752849,428,0.0777616279069767,417,0.0749191519942508,469,0.0818070818070818,501,0.0854948805460751,561,0.0894879566118998,601,0.0915321352421566,594,0.0942857142857143,587,0.0969286657859974,625,0.104813013583767,609,0.102507995286989,600,0.0974184120798831,611,0.101309898855911,659,0.109705343765607
  Freight,,1188,,1193,,1195,,1204,,1214,,1225,,1223,,1282,,1306,,1337,,1357,,1428,,1481,,1490,,1515,,1547,,1566,,1584,,1582,,1632,,1738,,1835,,1931,,1891,,—,,—,,—,,—,,—,,—,,—,,—,,—,,—,,—,,—,,—,,—,,—,,—,,—,,—,,—,,—,,—,,—,,—,,—,,—,,—,,—,,—,,—,,—,,—,,—,,241,0.0469602494154326,255,0.0485714285714286,256,0.0473372781065089,245,0.044954128440367,259,0.0473059360730594,272,0.0479548660084626,270,0.0455465587044534,264,0.0458572173006774,1620,0.300891530460624,1678,0.299857040743388,1682,0.304931109499637,1549,0.297198772064467,1534,0.293363931918149,1386,0.326578699340245,1478,0.300467574710307,1562,0.303831939311418,1512,0.302339532093581,1648,0.299418604651163,1687,0.303090190441969,1809,0.315541601255887,1832,0.312627986348123,1813,0.289200829478386,1959,0.298355162960707,1933,0.306825396825397,1897,0.313243064729194,1757,0.294650343786685,1766,0.297256354149133,1938,0.314661471018022,1817,0.301276736859559,1721,0.286499084401532
    Agricultural,,1741,,1818,,1828,,1765,,1785,,1853,,1884,,2059,,2076,,2152,,2236,,2455,,2405,,2510,,2635,,2825,,2793,,2855,,2888,,3006,,3151,,3301,,3486,,3472,,—,,—,,—,,—,,—,,—,,—,,—,,—,,—,,—,,—,,—,,—,,—,,—,,—,,—,,—,,—,,—,,—,,—,,—,,—,,—,,—,,—,,—,,—,,—,,—,,150,0.029228371005456,155,0.0295238095238095,155,0.0286612426035503,149,0.0273394495412844,157,0.028675799086758,153,0.0269746121297602,164,0.0276653171390014,167,0.0290081639742922,665,0.12351411589896,711,0.127055039313796,704,0.127628716461204,696,0.133537989255564,689,0.131765155861541,644,0.151743638077286,695,0.141288879853629,801,0.155806263372885,766,0.153169366126775,795,0.144440406976744,731,0.131333093783687,889,0.155067155067155,877,0.149658703071672,867,0.1382995693093,880,0.134023758757234,974,0.154603174603175,943,0.155713342140026,890,0.149253731343284,825,0.138865510856758,986,0.160090923851275,943,0.156358812800531,901,0.14999167637756
    Chemicals,,1796,,1743,,1780,,1836,,1833,,1799,,1803,,1921,,1936,,1945,,2055,,2179,,2303,,2285,,2366,,2415,,2430,,2395,,2469,,2564,,2676,,2714,,2951,,2957,,—,,—,,—,,—,,—,,—,,—,,—,,—,,—,,—,,—,,—,,—,,—,,—,,—,,—,,—,,—,,—,,—,,—,,—,,—,,—,,—,,—,,—,,—,,—,,—,,1404,0.273577552611068,1452,0.276571428571429,1449,0.267936390532544,1520,0.278899082568807,1511,0.275981735159817,1654,0.291607898448519,1713,0.288967611336032,1748,0.303630363036304,554,0.102897473997028,523,0.0934596140100071,564,0.102248005801305,451,0.0865310821181888,421,0.0805125262956588,369,0.0869462770970782,387,0.0786745273429559,357,0.0694417428515853,341,0.0681863627274545,423,0.0768531976744186,531,0.095400646784046,485,0.0845979417407989,508,0.0866894197952219,492,0.0784814164938587,611,0.0930551325007615,523,0.083015873015873,505,0.0833883751651255,429,0.0719436525238974,488,0.0821410536946642,494,0.0802078259457704,388,0.06433427292323,339,0.0564341601464958
    Industrial Products,,1498,,1466,,1467,,1472,,1543,,1566,,1577,,1703,,1758,,1809,,1881,,2027,,2115,,2133,,2240,,2282,,2331,,2308,,2327,,2324,,2540,,2537,,2747,,2662,,551,0.161346998535871,595,0.180139267332728,656,0.178697902478889,684,0.182205647309537,691,0.174274905422446,804,0.192252510760402,880,0.199637023593466,852,0.193197278911565,793,0.176614699331849,909,0.187114038699053,948,0.185845912566163,959,0.187744714173845,909,0.177816901408451,1003,0.192108791419268,1022,0.191278308066629,1021,0.19447619047619,988,0.186767485822306,993,0.181535648994516,1027,0.184281356540463,1022,0.181527531083481,1023,0.1814473217453,1150,0.191188694929343,1181,0.19103849886768,1135,0.184462863643751,967,0.172247951549697,1087,0.200221035181433,1047,0.18824163969795,973,0.186827956989247,879,0.18202526402982,909,0.190566037735849,957,0.184963277928102,969,0.1875,899,0.175175370226033,939,0.178857142857143,980,0.181213017751479,1006,0.184587155963303,988,0.180456621004566,1106,0.194992947813822,1170,0.197368421052632,1190,0.206704881014417,242,0.0449479940564636,272,0.0486061472480343,253,0.0458665699782451,241,0.04623944742901,250,0.0478102887741442,205,0.0483034872761546,239,0.0485871112014637,243,0.0472670686636841,235,0.0469906018796241,251,0.0456031976744186,253,0.0454545454545455,259,0.0451770451770452,267,0.0455631399317406,271,0.0432285851012921,290,0.0441669204995431,265,0.0420634920634921,263,0.0434280052840159,255,0.0427637095421768,259,0.043595354317455,264,0.0428641013151486,285,0.0472558448018571,278,0.0462793407691027
    Automotive,,1462,,1494,,1455,,1521,,1461,,1503,,1474,,1543,,1524,,1565,,1611,,1689,,1722,,1735,,1715,,1722,,1759,,1754,,1729,,1823,,1930,,2005,,2114,,2040,,162,0.0474377745241581,163,0.049349076597033,227,0.0618360119858349,302,0.0804475226425146,305,0.0769230769230769,334,0.0798660927785748,309,0.0700998185117967,323,0.0732426303854875,342,0.0761692650334076,381,0.0784273363524084,379,0.0742991570280337,408,0.0798747063429914,430,0.0841158059467919,475,0.0909787397050374,436,0.0816020962006363,466,0.0887619047619048,487,0.0920604914933837,534,0.0976234003656307,512,0.0918715234164723,544,0.0966252220248668,488,0.0865555161404754,545,0.0906068162926018,527,0.0852474927208023,543,0.0882496343247196,516,0.0919130744567154,560,0.103149751335421,529,0.0951096727795757,549,0.105414746543779,510,0.10561192793539,488,0.10230607966457,485,0.0937379203710862,517,0.100038699690402,505,0.0984021823850351,513,0.0977142857142857,469,0.0867233727810651,514,0.0943119266055046,523,0.0955251141552511,548,0.0966149506346968,543,0.0915991902834008,558,0.0969254820218864,159,0.0295319465081724,172,0.0307362401715511,161,0.0291878172588832,161,0.0308902532617038,174,0.0332759609868044,168,0.0395852968897267,157,0.0319170563122586,161,0.031316864423264,170,0.0339932013597281,179,0.0325218023255814,172,0.030901904419691,176,0.0306994592708878,180,0.0307167235494881,183,0.0291912585739352,178,0.0271093512031678,171,0.0271428571428571,186,0.0307133421400264,183,0.0306892503773268,194,0.0326544352802558,194,0.0314986199058289,201,0.0333278063339413,203,0.0337939071083736
    Energy,,1077,,1120,,1116,,1096,,1084,,1106,,1120,,1119,,1163,,1198,,1192,,1182,,1271,,1273,,1308,,1292,,1326,,1381,,1374,,1368,,1473,,1639,,1709,,1664,,807,0.236310395314788,715,0.216469875870421,831,0.226368836829202,765,0.20378263185935,844,0.212862547288777,836,0.199904351984696,922,0.209165154264973,887,0.201133786848073,952,0.212026726057906,950,0.195553725813092,1112,0.217996471280141,1070,0.209475332811276,995,0.194640062597809,869,0.166443210113005,1058,0.198016095826315,990,0.188571428571429,936,0.176937618147448,975,0.178244972577697,1082,0.194150367844967,985,0.174955595026643,961,0.170450514366797,989,0.164422277639235,1099,0.177774183112261,1078,0.175199089874858,915,0.16298539365871,679,0.125069073494198,898,0.161452714850773,745,0.143049155145929,519,0.107475667840133,494,0.10356394129979,728,0.14070351758794,699,0.135255417956656,—,,—,,—,,—,,—,,—,,—,,—,,—,,—,,—,,—,,—,,—,,—,,—,,—,,—,,—,,—,,—,,—,,—,,—,,—,,—,,—,,—,,—,,—,
    Intermodal,,674,,684,,697,,714,,704,,706,,716,,737,,716,,740,,757,,802,,790,,804,,819,,837,,821,,838,,846,,883,,889,,947,,1010,,974,,661,0.193557833089312,618,0.187102633969119,649,0.176791065104876,738,0.196590303676079,730,0.184110970996217,698,0.166905786704926,750,0.170145190562613,840,0.19047619047619,807,0.179732739420935,849,0.174763277068753,814,0.159576553616938,854,0.167188723570869,858,0.167840375586854,854,0.163570197280215,783,0.146546883773161,785,0.14952380952381,784,0.14820415879017,784,0.143327239488117,771,0.138345594832227,937,0.166429840142096,910,0.161404753458673,934,0.155278470490441,915,0.148010352636687,1018,0.165447749065497,939,0.167260420377627,867,0.159697918585375,880,0.158216468896081,895,0.171850998463902,882,0.182646510664734,845,0.177148846960168,937,0.181097796675686,961,0.185952012383901,—,,—,,—,,—,,—,,—,,—,,—,,—,,—,,—,,—,,—,,—,,—,,—,,—,,—,,—,,—,,—,,—,,—,,—,,—,,—,,—,,—,,—,,—,
Revenue Per Unit Growth %,,—,,—,,—,,—,,—,,—,,—,,—,,—,,—,,—,,—,,—,,—,,—,,—,,—,,—,,—,,—,,—,,—,,—,,—,,513,0.150219619326501,499,0.151074780502573,551,0.150095341868701,539,0.143580181140117,587,0.148045397225725,592,0.14155906264945,629,0.142695099818512,617,0.139909297052154,664,0.147884187082405,703,0.144709757101688,720,0.141148794354048,728,0.142521534847298,768,0.150234741784038,795,0.152269680137905,841,0.157402208497099,834,0.158857142857143,873,0.165028355387524,890,0.162705667276051,883,0.15844249057958,855,0.151865008880995,893,0.158389499822632,913,0.151787198669992,936,0.15140731154966,922,0.149845603770518,897,0.159779123619523,905,0.166697365997421,882,0.158576051779935,859,0.164938556067588,878,0.181818181818182,864,0.181132075471698,875,0.169114804793197,857,0.165828173374613,—,,—,,—,,—,,—,,—,,—,,—,,—,,—,,—,,—,,—,,—,,—,,—,,—,,—,,—,,—,,—,,—,,—,,—,,—,,—,,—,,—,,—,,—,
  Freight,,—,,—,,—,,—,,2,,3,,2,,11,,8,,9,,11,,11,,13,,11,,12,,8,,6,,7,,5,,6,,11,,16,,22,,16,,546,0.159882869692533,531,0.160762942779292,557,0.151729773903569,513,0.136654235482152,598,0.150819672131148,692,0.165471066475371,697,0.158121597096189,652,0.147845804988662,690,0.153674832962138,803,0.165294359818855,863,0.1691825132327,810,0.158574784651527,863,0.168818466353678,917,0.175636851177935,879,0.164514317798989,835,0.159047619047619,916,0.173156899810964,977,0.178610603290676,975,0.174950654943478,954,0.169449378330373,1011,0.179318907413977,1130,0.187863674147963,1161,0.187803299902944,1098,0.178449536811312,1017,0.181154257214108,970,0.178670104991711,979,0.17601582164689,842,0.161674347158218,834,0.172706564506109,830,0.174004192872117,855,0.165249323540781,829,0.160410216718266,—,,—,,—,,—,,—,,—,,—,,—,,—,,—,,—,,—,,—,,—,,—,,—,,—,,—,,—,,—,,—,,—,,—,,—,,—,,—,,—,,—,,—,,—,
    Energy,,—,,—,,—,,—,,1,,-1,,0,,6,,7,,8,,6,,6,,9,,6,,10,,9,,4,,9,,5,,6,,11,,19,,24,,22,,175,0.0512445095168375,182,0.0551014229488344,200,0.0544810678289294,213,0.0567394778902504,210,0.0529634300126103,226,0.0540411286465806,221,0.0501361161524501,239,0.0541950113378685,242,0.0538975501113586,263,0.0541375051461507,265,0.0519505979219761,279,0.0546202036021926,289,0.0565336463223787,308,0.0589925301666347,324,0.0606400898371701,319,0.0607619047619048,306,0.0578449905482042,317,0.0579524680073126,323,0.0579580118428136,333,0.0591474245115453,352,0.0624334870521462,354,0.0588528678304239,363,0.0587188612099644,359,0.058345522509345,363,0.0646597791236195,361,0.066494750414441,347,0.0623876303487954,345,0.0662442396313364,327,0.0677158832056326,340,0.0712788259958071,337,0.0651333591032083,336,0.065015479876161,338,0.0658612626656274,344,0.0655238095238095,358,0.066198224852071,363,0.066605504587156,353,0.0644748858447489,355,0.0625881523272214,370,0.0624156545209177,370,0.0642695848532222,374,0.0694650817236256,360,0.0643316654753395,370,0.0670775924583031,361,0.0692632386799693,349,0.0667431631287053,272,0.0640904806786051,323,0.0656637527952836,338,0.0657459638202684,352,0.0703859228154369,372,0.0675872093023256,400,0.0718648939992814,436,0.0760509331937903,420,0.0716723549488055,427,0.0681129366725156,457,0.0696009747182455,412,0.0653968253968254,400,0.0660501981505945,394,0.0660741237632064,396,0.0666554452112439,358,0.0581263192076636,415,0.0688111424307743,369,0.0614283336107874
    Agricultural,,—,,—,,—,,—,,3,,2,,3,,19,,16,,16,,19,,19,,16,,17,,18,,15,,15,,14,,9,,6,,13,,16,,21,,16,,—,,—,,—,,—,,—,,—,,—,,—,,—,,—,,—,,—,,—,,—,,—,,—,,—,,—,,—,,—,,—,,—,,—,,—,,—,,—,,—,,—,,—,,—,,—,,—,,215,0.0418939984411535,222,0.0422857142857143,223,0.0412352071005917,225,0.0412844036697248,217,0.039634703196347,211,0.0372002820874471,228,0.0384615384615385,225,0.0390828556539864,223,0.0414190193164933,219,0.0391350964974982,223,0.0404278462654097,215,0.0412509593246355,214,0.0409256071906674,150,0.0353440150801131,193,0.0392356169953243,186,0.0361797315697335,177,0.0353929214157169,180,0.032703488372093,182,0.032698526769673,202,0.0352346066631781,205,0.0349829351535836,233,0.0371670122826607,231,0.035181236673774,215,0.0341269841269841,235,0.0388044914134742,220,0.0368941807814858,226,0.0380407338831847,191,0.0310115278454295,217,0.0359807660421157,212,0.0352921591476611
    Chemicals,,—,,—,,—,,—,,2,,3,,1,,13,,6,,8,,14,,13,,19,,17,,15,,11,,6,,5,,4,,7,,10,,13,,20,,15,,—,,—,,—,,—,,—,,—,,—,,—,,—,,—,,—,,—,,—,,—,,—,,—,,—,,—,,—,,—,,—,,—,,—,,—,,—,,—,,—,,—,,—,,—,,—,,—,,106,0.0206547155105222,108,0.0205714285714286,121,0.0223742603550296,123,0.0225688073394495,121,0.0221004566210046,126,0.0222143864598025,126,0.0212550607287449,129,0.022407503908285602,133,0.024702823179792,123,0.0219799857040743,132,0.0239303843364757,126,0.0241749808135073,117,0.0223752151462995,103,0.0242695570216777,114,0.0231754421630413,139,0.0270375413343707,161,0.0321935612877425,176,0.0319767441860465,198,0.0355731225296443,217,0.0378510378510378,201,0.0343003412969283,183,0.0291912585739352,212,0.0322875418824246,183,0.029047619047619,151,0.0249339498018494,149,0.0249874224383699,142,0.0239017000504965,142,0.0230556908589057,174,0.0288509368263969,131,0.0218078907940736
    Industrial Products,,—,,—,,—,,—,,3,,7,,7,,19,,14,,16,,19,,19,,20,,18,,19,,12,,11,,9,,5,,3,,9,,10,,18,,14,,—,,—,,—,,—,,—,,—,,—,,—,,—,,—,,—,,—,,—,,—,,—,,—,,—,,—,,—,,—,,—,,—,,—,,—,,—,,—,,—,,—,,—,,—,,—,,—,,17,0.00331254871395168,14,0.00266666666666667,14,0.0025887573964497,15,0.00275229357798165,15,0.00273972602739726,18,0.00317348377997179,16,0.00269905533063428,16,0.00277922529095015,18,0.00334323922734027,18,0.00321658327376698,15,0.00271936185641769,20,0.00383729854182655,18,0.00344234079173838,19,0.00447690857681433,16,0.00325269363691807,13,0.00252869091616417,14,0.0027994401119776,16,0.00290697674418605,20,0.00359324469996407,17,0.00296528867957439,14,0.00238907849829352,11,0.0017546658159196,14,0.00213219616204691,14,0.00222222222222222,14,0.00231175693527081,25,0.00419252054335066,28,0.0047130112775627,25,0.00405910050332846,24,0.00397943956226165,26,0.00432828366905277
    Automotive,,—,,—,,—,,—,,0,,1,,1,,9,,4,,4,,9,,9,,13,,11,,6,,2,,2,,2,,2,,7,,10,,14,,22,,12,,—,,—,,—,,—,,—,,—,,—,,—,,—,,—,,—,,—,,—,,—,,—,,—,,—,,—,,—,,—,,—,,—,,—,,—,,—,,—,,—,,—,,—,,—,,—,,—,,5132,1.0,5250,1.0,5408,1.0,5450,1.0,5475,1.0,5672,1.0,5928,1.0,5757,1.0,5384,1.0,5596,1.0,5516,1.0,5212,1.0,5229,1.0,4244,1.0,4919,1.0,5141,1.0,5001,1.0,5504,1.0,5566,1.0,5733,1.0,5860,1.0,6269,1.0,6566,1.0,6300,1.0,6056,1.0,5963,1.0,5941,1.0,6159,1.0,6031,1.0,6007,1.0
    Intermodal,,—,,—,,—,,—,,4,,3,,3,,9,,2,,5,,6,,9,,10,,9,,8,,4,,3,,4,,3,,5,,8,,13,,19,,10,,—,,—,,—,,—,,—,,—,,—,,—,,—,,—,,—,,—,,—,,—,,—,,—,,—,,—,,—,,—,,—,,—,,—,,—,,—,,—,,—,,—,,—,,—,,—,,—,,4794,0.66398891966759,4906,0.66342123056119,5050,0.664823591363876,5087,0.667848234212945,5122,0.673947368421053,5317,0.673293655818665,5558,0.674187287724406,5387,0.672618304407542,5010,0.67059295944318,5236,0.677098150782361,5146,0.673119686069326,4851,0.673282442748091,4880,0.680708606500209,3972,0.666219389466622,4596,0.660060318828091,4831,0.669113573407202,4649,0.671045034642032,5132,0.675352020002632,5166,0.678843626806833,5297,0.687475665152498,5440,0.691584032545131,5842,0.700983921286297,6109,0.70412632549562,5768,0.70617042115573,5656,0.70409560562679,5569,0.696996245306633,5545,0.693732015513574,5801,0.706147291539866,5616,0.702175543885971,5638,0.700895077076082
Revenue Growth %,,—,,—,,—,,—,,—,,—,,—,,—,,—,,—,,—,,—,,—,,—,,—,,—,,—,,—,,—,,—,,—,,—,,—,,—,,—,,—,,—,,—,,—,,—,,—,,—,,—,,—,,—,,—,,—,,—,,—,,—,,—,,—,,—,,—,,—,,—,,—,,—,,—,,—,,—,,—,,—,,—,,—,,—,,2088,0.289196675900277,2145,0.290060851926978,2188,0.288046340179042,2167,0.284495208087173,2125,0.279605263157895,2225,0.281752564264911,2316,0.280931586608443,2242,0.279935073042827,1839,0.246151786909383,1937,0.250484934695461,1902,0.248790058862001,1794,0.248993754337266,1894,0.264193053424466,1500,0.251593425025159,1567,0.225046675283642,1661,0.23005540166205,1656,0.239030023094688,1859,0.244637452296355,1911,0.251116951379763,1897,0.246203763789747,1921,0.244215611492499,2091,0.25089992800576,2194,0.252881512217612,1999,0.24473555337904,2017,0.251089256815635,2086,0.26107634543179,2057,0.257350181408733,2078,0.252951917224589,2104,0.26306576644161,2123,0.263923421183491
  Freight,,—,,—,,—,,—,,7,,5,,4,,13,,8,,10,,12,,13,,18,,17,,15,,9,,3,,3,,5,,6,,11,,13,,16,,2,,—,,—,,—,,—,,—,,—,,—,,—,,—,,—,,—,,—,,—,,—,,—,,—,,—,,—,,—,,—,,—,,—,,—,,—,,—,,—,,—,,—,,—,,—,,—,,—,,338,0.046814404432133,344,0.0465179175118323,358,0.0471300684570827,363,0.0476565576998818,353,0.0464473684210526,355,0.0449537799164239,370,0.0448811256671519,380,0.0474466225496317,566,0.0757596038013653,595,0.0769429716798138,598,0.0782210595160235,626,0.086884108258154,627,0.0874598967777933,431,0.0722911774572291,464,0.0666379434151946,515,0.0713296398891967,530,0.0765011547344111,546,0.0718515594157126,578,0.0759526938239159,558,0.072420506164828,552,0.0701754385964912,586,0.070314374850012,624,0.0719225449515906,624,0.0763956904995103,613,0.076310220341093,632,0.07909887359199,611,0.0764418866508195,665,0.0809494826536823,679,0.084896224056014,658,0.0818000994530085
    Energy,,—,,—,,—,,—,,4,,-1,,0,,6,,14,,6,,4,,6,,5,,16,,17,,20,,4,,4,,8,,8,,17,,21,,28,,20,,—,,—,,—,,—,,—,,—,,—,,—,,—,,—,,—,,—,,—,,—,,—,,—,,—,,—,,—,,—,,—,,—,,—,,—,,—,,—,,—,,—,,—,,—,,—,,—,,215,0.0297783933518006,222,0.0300202839756592,223,0.0293575566087414,225,0.0295391886569516,217,0.0285526315789474,211,0.0267190072179309,228,0.0276564774381368,225,0.028093394930703,452,0.0605006023290055,482,0.0623302728565886,494,0.0646173969914977,457,0.0634281748785566,495,0.0690472869298368,435,0.0729620932572962,454,0.0652017808415913,461,0.0638504155124654,435,0.0627886836027714,498,0.0655349388077379,503,0.0660972404730618,507,0.0658014276443868,520,0.06610729722857869,557,0.0668346532277418,579,0.0667358229598893,502,0.0614593535749265,536,0.0667247603635006,545,0.0682102628285357,557,0.0696859752283248,538,0.0654899573950091,572,0.0715178794698675,593,0.0737195425161611
    Agricultural,,—,,—,,—,,—,,10,,7,,-4,,18,,9,,16,,27,,18,,26,,22,,19,,20,,8,,7,,12,,7,,24,,29,,27,,10,,—,,—,,—,,—,,—,,—,,—,,—,,—,,—,,—,,—,,—,,—,,—,,—,,—,,—,,—,,—,,—,,—,,—,,—,,—,,—,,—,,—,,—,,—,,—,,—,,106,0.0146814404432133,108,0.014604462474645,121,0.0159294365455503,123,0.0161480897991335,121,0.0159210526315789,126,0.0159554261111815,126,0.0152838427947598,139,0.0173554750905232,536,0.0717440770981127,557,0.0720289667658089,520,0.0680183126226292,429,0.0595419847328244,469,0.0654205607476635,368,0.0617242536061724,365,0.0524199339365216,378,0.0523545706371191,375,0.0541281755196305,467,0.0614554546650875,488,0.0641261498028909,481,0.0624269954574951,485,0.0616577676074244,562,0.0674346052315815,601,0.0692715537113877,548,0.0670910871694417,536,0.0667247603635006,562,0.0703379224030038,556,0.0695608657575379,540,0.0657334144856969,515,0.0643910977744436,530,0.0658876181004475
    Chemicals,,—,,—,,—,,—,,4,,9,,8,,6,,8,,7,,9,,6,,14,,17,,14,,9,,9,,8,,9,,12,,11,,14,,12,,-1,,—,,—,,—,,—,,—,,—,,—,,—,,—,,—,,—,,—,,—,,—,,—,,—,,—,,—,,—,,—,,—,,—,,—,,—,,—,,—,,—,,—,,—,,—,,—,,—,,17,0.00235457063711911,14,0.00189317106152806,14,0.00184307530279094,15,0.00196927924379677,15,0.00197368421052632,18,0.00227934658731164,16,0.00194080543425522,16,0.00199775252840554,285,0.0381475036808995,303,0.0391827233932497,290,0.0379332897318509,282,0.0391394864677307,303,0.0422653089691728,266,0.0446159007044616,284,0.0407870170903346,307,0.0425207756232687,316,0.0456120092378753,348,0.0457954994078168,342,0.0449408672798949,351,0.045554834523037,364,0.0462751080600051,386,0.0463162946964243,390,0.0449515905947441,325,0.0397894221351616,332,0.0413295157475414,347,0.0434292866082603,333,0.0416614537720505,335,0.0407790626902008,338,0.0422605651412853,342,0.0425161611138737
    Industrial Products,,—,,—,,—,,—,,10,,8,,9,,19,,12,,19,,16,,19,,23,,15,,15,,0,,-3,,-1,,-4,,1,,4,,9,,15,,-3,,—,,—,,—,,—,,—,,—,,—,,—,,—,,—,,—,,—,,—,,—,,—,,—,,—,,—,,—,,—,,—,,—,,—,,—,,—,,—,,—,,—,,—,,—,,—,,—,,-2088,,-2145,,-2188,,-2167,,-2125,,-2225,,-2316,,-2252,,1551,0.207602730558158,1621,0.209621104357946,1562,0.20431654676259,1508,0.209299097848716,1452,0.202538708327521,1086,0.182153639718215,1551,0.222748815165877,1608,0.222714681440443,1481,0.213770207852194,1625,0.213843926832478,1568,0.206044678055191,1591,0.206489292667099,1687,0.214467327739639,1938,0.232541396688265,1956,0.225449515905947,1836,0.224779627815867,1742,0.216855471181377,1726,0.216020025031289,1722,0.215438508695108,1785,0.217285453438831,1695,0.211927981995499,1794,0.223023371456987
    Intermodal,,—,,—,,—,,—,,9,,6,,7,,14,,3,,10,,13,,14,,23,,16,,14,,4,,4,,3,,3,,4,,5,,7,,9,,-7,,—,,—,,—,,—,,—,,—,,—,,—,,—,,—,,—,,—,,—,,—,,—,,—,,—,,—,,—,,—,,—,,—,,—,,—,,—,,—,,—,,—,,—,,—,,—,,—,,—,,—,,—,,—,,—,,—,,—,,—,,1031,0.13800026770178,1067,0.137980085348506,1020,0.133420536298234,1001,0.138931297709924,928,0.129446226809876,897,0.150452868165045,1070,0.153669395375557,1122,0.155401662049861,1034,0.149249422632794,1197,0.15752072641137,1151,0.151248357424442,1122,0.145619727449708,1186,0.150775489448258,1377,0.165226781857451,1355,0.15617796219456,1242,0.15205680705191,1155,0.143781899663886,1101,0.137797246558198,1113,0.139246840985863,1185,0.144248326232502,1084,0.135533883470868,1135,0.141098955743411
    Automotive,,—,,—,,—,,—,,-2,,2,,4,,8,,-1,,1,,4,,8,,23,,18,,10,,2,,-2,,0,,7,,4,,3,,-9,,-7,,-17,,1755,,1685,,1706,,1726,,1804,,1815,,1807,,1865,,1941,,2045,,2066,,2103,,2175,,2176,,2153,,2200,,2299,,2295,,2255,,2323,,2324,,2329,,2331,,2390,,2354,,2213,,2229,,2208,,2202,,2163,,2195,,2251,,2297,,2287,,2307,,2348,,2125,,2225,,2316,,2403,,520,0.069602462856378,554,0.0716410190094401,542,0.0708960104643558,507,0.0703678001387925,524,0.0730924815176454,189,0.0317007715531701,481,0.0690794197903203,486,0.0673130193905817,447,0.0645207852193995,428,0.056323200421108,417,0.054796320630749,469,0.0608695652173913,501,0.0636918382913806,561,0.0673146148308135,601,0.0692715537113877,594,0.0727228207639569,587,0.0730735715174903,625,0.0782227784730914,609,0.0761916677092456,600,0.0730371272063299,611,0.0763940985246312,659,0.0819244157135753
Capital Expenditures,,—,,—,,—,,—,,—,,—,,—,,—,,—,,—,,—,,—,,-549,,-582,,-564,,-547,,-514,,-587,,-741,,-654,,-620,,-704,,-693,,-763,,—,,—,,—,,—,,—,,—,,—,,—,,—,,—,,—,,—,,—,,—,,—,,—,,—,,—,,—,,—,,—,,—,,—,,—,,—,,—,,—,,—,,—,,—,,—,,—,,3318,,3312,,3391,,3407,,3262,,3178,,3269,,3258,,1620,0.216838441975639,1678,0.216992111728954,1682,0.220013080444735,1549,0.21498959056211,1534,0.213976844748221,1386,0.232472324723247,1478,0.212264828378572,1562,0.216343490304709,1512,0.21824480369515,1648,0.216870640873799,1687,0.221681997371879,1809,0.234782608695652,1832,0.232901093312993,1813,0.217542596592273,1959,0.225795297372061,1933,0.236655239960823,1897,0.236150877629777,1757,0.219899874843554,1766,0.220943325409734,1938,0.235909920876446,1817,0.227181795448862,1721,0.213948284435604
  Locomotives & Freight Cars,,—,,—,,—,,—,,—,,—,,—,,—,,—,,—,,—,,—,,-22,0.0400728597449909,-34,0.0584192439862543,-39,0.0691489361702128,-40,0.0731261425959781,-28,0.0544747081712062,-27,0.0459965928449745,-157,0.211875843454791,-51,0.0779816513761468,-31,0.05,-34,0.0482954545454545,-62,0.0894660894660895,-37,0.0484927916120577,—,,—,,—,,—,,—,,—,,—,,—,,—,,—,,—,,—,,—,,—,,—,,—,,—,,—,,—,,—,,—,,—,,—,,—,,—,,—,,—,,—,,—,,—,,—,,—,,4866,,4851,,4806,,4827,,4975,,5004,,5045,,5079,,665,0.0890108419220988,711,0.0919436182594077,704,0.0920863309352518,696,0.0965995836224844,689,0.096108243827591,644,0.108017443810802,695,0.0998132988654316,801,0.110941828254848,766,0.110565819861432,795,0.104619028819582,731,0.0960578186596583,889,0.115379623621025,877,0.111492499364353,867,0.104031677465803,880,0.101429230059935,974,0.1192458374143,943,0.117390763102203,890,0.111389236545682,825,0.103215313399224,986,0.120024345709069,943,0.11790447611903,901,0.112008950770761
  Technology & Other,,—,,—,,—,,—,,—,,—,,—,,—,,—,,—,,—,,—,,-21,0.0382513661202186,-14,0.0240549828178694,-22,0.0390070921985816,-53,0.0968921389396709,-41,0.0797665369649805,-18,0.030664395229983,-15,0.0202429149797571,-32,0.0489296636085627,-62,0.1,-13,0.0184659090909091,-19,0.0274170274170274,-80,0.104849279161206,—,,—,,—,,—,,—,,—,,—,,—,,—,,—,,—,,—,,—,,—,,—,,—,,—,,—,,—,,—,,—,,—,,—,,—,,—,,—,,—,,—,,—,,—,,—,,—,,3644,,3657,,3661,,3613,,3702,,3739,,3848,,3788,,554,0.0741533931200642,523,0.0676322255269624,564,0.0737737083060824,451,0.0625954198473282,421,0.0587250662574976,369,0.0618919825561892,387,0.0555794915984489,357,0.0494459833795014,341,0.0492205542725173,423,0.0556652191077773,531,0.0697766097240473,485,0.0629461388708631,508,0.0645817442156115,492,0.0590352771778258,611,0.0704241585984325,523,0.0640303623898139,505,0.0628656790738205,429,0.0536921151439299,488,0.061053421744026,494,0.0601339013998783,388,0.048512128032008,339,0.042143212332173
  Capacity & Commercial Facilities,,—,,—,,—,,—,,—,,—,,—,,—,,—,,—,,—,,—,,-132,0.240437158469945,-114,0.195876288659794,-113,0.200354609929078,-151,0.276051188299817,-83,0.16147859922179,-106,0.180579216354344,-141,0.190283400809717,-204,0.311926605504587,-120,0.193548387096774,-180,0.255681818181818,-176,0.253968253968254,-266,0.348623853211009,—,,—,,—,,—,,—,,—,,—,,—,,—,,—,,—,,—,,—,,—,,—,,—,,—,,—,,—,,—,,—,,—,,—,,—,,—,,—,,—,,—,,—,,—,,—,,—,,2960,,2971,,3102,,2950,,3015,,3036,,3127,,3016,,242,0.0323919154062375,272,0.035173929910772,253,0.0330935251798561,241,0.0334489937543373,250,0.0348723671362812,205,0.0343844347534384,239,0.0343242855091196,243,0.0336565096952909,235,0.0339203233256351,251,0.0330306619292012,253,0.033245729303548,259,0.0336145360155743,267,0.0339435545385202,271,0.0325173986081113,290,0.0334255417242969,265,0.0324436826640548,263,0.0327399477156729,255,0.0319148936170213,259,0.0324033529338171,264,0.0321363359707851,285,0.0356339084771193,278,0.0345599204375932
  Track,,—,,—,,—,,—,,—,,—,,—,,—,,—,,—,,—,,—,,-374,0.681238615664845,-420,0.721649484536082,-390,0.691489361702128,-303,0.553930530164534,-362,0.704280155642023,-436,0.742759795570698,-428,0.577597840755736,-367,0.561162079510703,-407,0.656451612903226,-477,0.677556818181818,-436,0.629148629148629,-380,0.498034076015727,—,,—,,—,,—,,—,,—,,—,,—,,—,,—,,—,,—,,—,,—,,—,,—,,—,,—,,—,,—,,—,,—,,—,,—,,—,,—,,—,,—,,—,,—,,—,,—,,2883,,2880,,3023,,3174,,3238,,3084,,2976,,2963,,159,0.0212822915272387,172,0.0222423380318117,161,0.0210595160235448,161,0.0223455933379598,174,0.0242711675268517,168,0.0281784636028178,157,0.0225477524055723,161,0.0222991689750692,170,0.0245381062355658,179,0.0235557310172391,172,0.0226018396846255,176,0.0228423101881895,180,0.022883295194508,183,0.0219582433405328,178,0.020516366989396,171,0.0209353574926543,186,0.0231544877380804,183,0.0229036295369212,194,0.0242712373326661,194,0.0236153377967133,201,0.0251312828207052,203,0.0252362008950771
Carloads/Unit Volumes,,2194,1.0,2317,1.0,—,,2360.61,1.0,2288,1.0,2368,1.0,—,,2394.245,1.0,2300,1.0,2391,1.0,2432,1.0,2419.417,1.0,2393,1.0,2510,1.0,2509,1.0,2440,1.0,2334,1.0,2433,1.0,2522,1.0,2444,1.0,2335,1.0,2371,1.0,2398,1.0,2157,1.0,—,,—,,—,,—,,—,,—,,—,,—,,—,,—,,—,,—,,—,,—,,—,,—,,—,,—,,—,,—,,—,,—,,—,,—,,—,,—,,—,,—,,—,,—,,—,,—,,2948,,2943,,2921,,2935,,3046,,3074,,3048,,3131,,2087,0.279346807656271,2137,0.276348118453382,2129,0.278482668410726,1993,0.276613462873005,1940,0.270609568977542,1718,0.288158336128816,2044,0.293551630044521,2051,0.284072022160665,1927,0.278146651270208,2095,0.275694170285564,2044,0.268593955321945,1972,0.255937702790396,2006,0.255021612001017,2065,0.247780177585793,2110,0.243199631166436,1988,0.243388834476004,1977,0.246109797087016,2027,0.25369211514393,2052,0.256724634054798,2056,0.250273889227024,1967,0.24593648412103,2037,0.253232222774739
  Freight,,2194,1.0,2317,1.0,—,,2360.61,1.0,2288,1.0,2368,1.0,—,,2394.245,1.0,2300,1.0,2391,1.0,2432,1.0,2419.417,1.0,2393,1.0,2510,1.0,2509,1.0,2440,1.0,2334,1.0,2433,1.0,2522,1.0,2444,1.0,2335,1.0,2371,1.0,2398,1.0,2157,1.0,—,,—,,—,,—,,—,,—,,—,,—,,—,,—,,—,,—,,—,,—,,—,,—,,—,,—,,—,,—,,—,,—,,—,,—,,—,,—,,—,,—,,—,,—,,—,,—,,4688,,4684,,4770,,4696,,5008,,5078,,5232,,5381,,1041,0.139338776602864,1041,0.134617871459977,1011,0.132243296272073,967,0.134212352532963,917,0.127911842655879,803,0.134686346863469,1066,0.153094930346115,1055,0.14612188365651,976,0.140877598152425,1051,0.138307672062113,975,0.128120893561104,910,0.118105126541207,947,0.120391558606662,997,0.119630429565635,1009,0.116297833102812,941,0.115205680705191,934,0.116270384663264,962,0.120400500625782,973,0.121731515075691,979,0.119172245891662,946,0.118279569892473,1016,0.126305320735952
    Intermodal,,693,0.315861440291705,752,0.324557617608977,—,,762.979,0.323212644189426,725,0.316870629370629,770,0.325168918918919,—,,824.337,0.344299351152451,732,0.318260869565217,806,0.337097448766207,862,0.354440789473684,864.969,0.357511334342116,816,0.340994567488508,865,0.344621513944223,909,0.36229573535273,867,0.355327868852459,821,0.351756640959726,861,0.353884093711467,912,0.361617763679619,859,0.351472995090016,796,0.340899357601713,811,0.342049768030367,834,0.347789824854045,724,0.335651367640241,—,,—,,—,,—,,—,,—,,—,,—,,—,,—,,—,,—,,—,,—,,—,,—,,—,,—,,—,,—,,—,,—,,—,,—,,—,,—,,—,,—,,—,,—,,—,,—,,3536,,3555,,3705,,3622,,3733,,3748,,3830,,3939,,—,,—,,—,,—,,—,,—,,—,,—,,—,,—,,—,,—,,—,,—,,—,,—,,—,,—,,—,,—,,—,,798,0.099204375932372
    Energy,,521,0.23746581586144,537,0.231765213638325,—,,566.459,0.239962975671543,541,0.236451048951049,540,0.228040540540541,—,,529.826,0.221291471841854,574,0.249565217391304,525,0.219573400250941,546,0.224506578947368,532.537,0.220109637983035,550,0.229837024655244,575,0.229083665338645,584,0.232762056596253,587,0.240573770491803,551,0.236075407026564,551,0.226469379367037,600,0.237906423473434,597,0.244271685761047,582,0.249250535331906,561,0.236609025727541,615,0.256463719766472,590,0.273528048215114,—,,—,,—,,—,,—,,—,,—,,—,,—,,—,,—,,—,,—,,—,,—,,—,,—,,—,,—,,—,,—,,—,,—,,—,,—,,—,,—,,—,,—,,—,,—,,—,,3728,,3085,,3214,,3476,,3562,,3183,,3200,,3296,,—,,—,,—,,—,,—,,—,,—,,—,,—,,—,,—,,—,,—,,—,,—,,—,,—,,—,,—,,—,,—,,218,0.0271009448035803
    Industrial Products,,340,0.154968094804011,382,0.164868364264135,—,,365.542,0.15485065300918,365,0.159527972027972,387,0.163429054054054,—,,368.304,0.15382886880833,358,0.155652173913043,398,0.166457549142618,385,0.158305921052632,368.183,0.152178396696394,365,0.152528207271208,386,0.153784860557769,370,0.147469111199681,325,0.133196721311475,318,0.136246786632391,349,0.143444307439375,339,0.13441712926249,319,0.130523731587561,304,0.130192719486081,346,0.145929987347111,329,0.1371976647206,270,0.125173852573018,—,,—,,—,,—,,—,,—,,—,,—,,—,,—,,—,,—,,—,,—,,—,,—,,—,,—,,—,,—,,—,,—,,—,,—,,—,,—,,—,,—,,—,,—,,—,,—,,2169,,2198,,2166,,2159,,2201,,2164,,2238,,2252,,531,0.0710748226475706,568,0.0734514418724945,570,0.0745585349901897,530,0.073560027758501,546,0.0761612498256382,468,0.0784971486078497,480,0.0689358035329599,498,0.0689750692520776,485,0.0700057736720554,540,0.0710619818397158,549,0.0721419185282523,538,0.0698247890979883,537,0.0682684973302822,570,0.068394528437725,569,0.0655832180728446,539,0.0659892262487757,536,0.0667247603635006,573,0.0717146433041302,569,0.071187288877768,555,0.0675593426658551,541,0.0676419104776194,555,0.0689955246146196
    Agricultural,,214,0.097538742023701,206,0.0889080707811826,—,,237.979,0.100812501853335,230,0.100524475524476,216,0.0912162162162162,—,,228.912,0.0956092630453442,216,0.0939130434782609,215,0.0899205353408616,224,0.0921052631578947,227.456,0.0940127311662272,234,0.0977852068533222,225,0.0896414342629482,227,0.0904742925468314,237,0.0971311475409836,219,0.0938303341902314,212,0.0871352240032881,232,0.0919904837430611,239,0.0977905073649755,240,0.102783725910064,236,0.0995360607338675,243,0.101334445371143,228,0.105702364394993,—,,—,,—,,—,,—,,—,,—,,—,,—,,—,,—,,—,,—,,—,,—,,—,,—,,—,,—,,—,,—,,—,,—,,—,,—,,—,,—,,—,,—,,—,,—,,—,,1405,,1399,,1391,,1465,,1487,,1503,,1513,,1546,,—,,—,,—,,—,,—,,—,,—,,—,,—,,—,,—,,—,,—,,—,,—,,—,,—,,—,,—,,—,,—,,184,0.0228741919443063
    Chemicals,,219,0.0998176845943482,226,0.0975399223133362,—,,218.491,0.0925570085698188,224,0.0979020979020979,238,0.100506756756757,—,,232.586,0.0971437760128976,228,0.0991304347826087,236,0.0987034713508992,230,0.0945723684210526,218.137,0.0901609767973028,218,0.0910990388633514,234,0.0932270916334661,228,0.090872857712236,216,0.0885245901639344,224,0.0959725792630677,239,0.0982326346074805,238,0.0943695479777954,227,0.0928805237315876,225,0.0963597430406852,241,0.101644875579924,224,0.0934111759799833,195,0.0904033379694019,1675,,1755,,1827,,2004,,2022,,2094,,2114,,2100,,2175,,2321,,2364,,2378,,2390,,2505,,2407,,2487,,2648,,2715,,2620,,2653,,2591,,2619,,2590,,2607,,2553,,2528,,2469,,2447,,2350,,2247,,2310,,2362,,2370,,2390,,2335,,2421,,2407,,2440,,2410,,2496,,—,,—,,—,,—,,—,,—,,—,,—,,—,,—,,—,,—,,—,,—,,—,,—,,—,,—,,—,,—,,—,,169,0.0210094480358031
    Automotive,,207,0.0943482224247949,214,0.092360811394044,—,,209.16,0.0886042167066987,203,0.0887237762237762,217,0.0916385135135135,—,,210.28,0.0878272691391232,192,0.0834782608695652,211,0.0882475951484734,185,0.0760690789473684,208.135,0.0860269230149247,210,0.0877559548683661,225,0.0896414342629482,191,0.0761259465922678,208,0.0852459016393443,201,0.0861182519280206,221,0.0908343608713522,201,0.0796986518636003,203,0.0830605564648118,188,0.0805139186295503,176,0.0742302825811894,153,0.0638031693077565,150,0.0695410292072323,897,,889,,901,,896,,930,,974,,974,,1012,,1031,,1108,,1119,,1175,,1169,,1185,,1192,,1229,,1219,,1210,,1211,,1208,,1227,,1246,,1260,,1265,,1191,,1154,,1166,,1165,,1116,,1124,,1141,,1172,,1143,,1140,,1166,,1219,,1236,,1262,,1289,,1311,,—,,—,,—,,—,,—,,—,,—,,—,,—,,—,,—,,—,,—,,—,,—,,—,,—,,—,,—,,—,,—,,147,0.0182744903033317
Revenue Ton-Miles / Kms,,126368,1.0,132319,1.0,—,,137163,1.0,134612,1.0,136063,1.0,—,,136993,1.0,137471,1.0,136864,1.0,138154,1.0,136276,1.0,139287,1.0,143444,1.0,141644,1.0,140836,1.0,135138,1.0,139200,1.0,144035,1.0,143472,1.0,140707,1.0,140939,1.0,145787,1.0,135198,1.0,1550,,1520,,1564,,1536,,1636,,1722,,1721,,1709,,1770,,1916,,1945,,1917,,2010,,2109,,2111,,2141,,2329,,2353,,2312,,2352,,2236,,2369,,2362,,2366,,2293,,2197,,2259,,2107,,1985,,2026,,2134,,2183,,—,,—,,—,,—,,—,,—,,—,,—,,—,,—,,—,,—,,—,,—,,—,,—,,—,,—,,—,,—,,—,,—,,—,,—,,—,,—,,—,,—,,—,,55,0.00683739433117852
  Freight,,126368,1.0,132319,1.0,—,,137163,1.0,134612,1.0,136063,1.0,—,,136993,1.0,137471,1.0,136864,1.0,138154,1.0,136276,1.0,139287,1.0,143444,1.0,141644,1.0,140836,1.0,135138,1.0,139200,1.0,144035,1.0,143472,1.0,140707,1.0,140939,1.0,145787,1.0,135198,1.0,3116,,3045,,3026,,3129,,3202,,3277,,3271,,3386,,3386,,3580,,3655,,3630,,3664,,3665,,3596,,3647,,3694,,3750,,3679,,3846,,3815,,3833,,3836,,4031,,3838,,3844,,3793,,3745,,3749,,3692,,3637,,3732,,—,,—,,—,,—,,—,,—,,—,,—,,515,0.0689332084058359,528,0.0682788051209104,548,0.071680837148463,496,0.0688410825815406,477,0.0665364764960246,447,0.0749748406574975,498,0.0715208961654459,498,0.0689750692520776,466,0.0672632794457275,504,0.0663245163837347,520,0.0683311432325887,524,0.0680077871512005,522,0.0663615560640732,498,0.0597552195824334,532,0.0613185799907792,508,0.0621939275220372,507,0.0631146520602515,492,0.0615769712140175,510,0.0638058301013387,522,0.063542300669507,480,0.0600150037509377,466,0.0579313774241671
    Energy,,54756,0.433305900227906,58268,0.440360038996667,—,,60743,0.442852664348257,57632,0.428134193088283,57750,0.424435739326635,—,,57498,0.419714875942566,62075,0.451549781408442,57483,0.420000876782792,59029,0.427269568742128,56808,0.416859901963662,60075,0.431303711042667,62426,0.435194222135467,62982,0.444649967524216,63669,0.452079013888494,60005,0.444027586615164,60657,0.435754310344828,65133,0.452202589648349,65613,0.457322683171629,63334,0.450112645426311,61748,0.438118618693194,67887,0.465658803597029,65393,0.483683190579742,2843,,2659,,2730,,2815,,2893,,2826,,2858,,2923,,2974,,3024,,3087,,3131,,3184,,3044,,3064,,3146,,3225,,3098,,3134,,3255,,3307,,3230,,3249,,3344,,3362,,3197,,3165,,3188,,3272,,3146,,3201,,3323,,—,,—,,—,,—,,—,,—,,—,,—,,—,,—,,—,,—,,—,,—,,—,,—,,—,,—,,—,,—,,—,,—,,—,,—,,—,,—,,—,,—,,—,,200,0.0248632521133764
    Agricultural,,18209,0.144095024056723,17515,0.132369500978695,—,,19759,0.144054883605637,19964,0.14830772888004,18862,0.138626959570199,—,,20053,0.146379742030615,19373,0.140924267663725,19213,0.140380231470657,19609,0.141935810761903,19820,0.145440136194194,20085,0.144198668935364,19756,0.137726220685424,19793,0.13973765214199,21378,0.151793575506263,19249,0.142439580280898,18935,0.136027298850575,20613,0.143111049397716,21735,0.151492974238876,22485,0.159800152089093,22111,0.156883474410915,22431,0.153861455410976,21560,0.159469814642228,2459,,2319,,2367,,2412,,2474,,2420,,2470,,2483,,2628,,2697,,2832,,2878,,2977,,2907,,2933,,2978,,3174,,3079,,2998,,3134,,3218,,3175,,3195,,3283,,3325,,3144,,3073,,3004,,3041,,3025,,3019,,3123,,—,,—,,—,,—,,—,,—,,—,,—,,—,,—,,—,,—,,—,,—,,—,,—,,—,,—,,—,,—,,—,,—,,—,,—,,—,,—,,—,,—,,—,,158,0.0196419691695674
    Intermodal,,16524,0.130760952139782,17702,0.133782752288031,—,,18184,0.132572195125508,17717,0.131615309184917,18182,0.133629274674232,—,,18901,0.137970553239947,16604,0.120781837623935,18624,0.136076689268179,19408,0.140480912604774,19764,0.145029205436027,18689,0.134176197347922,19630,0.136847829117983,20014,0.141297901781932,19469,0.138238802578886,18994,0.14055262028445,20543,0.147579022988506,21024,0.145964522511889,20232,0.14101706256273,19552,0.138955417996262,19737,0.140039307785638,19875,0.136329027965456,17014,0.12584505687954,—,,—,,—,,—,,—,,—,,—,,—,,—,,—,,—,,—,,—,,—,,—,,—,,—,,—,,—,,—,,—,,—,,—,,—,,—,,—,,—,,—,,—,,—,,—,,—,,—,,—,,—,,—,,—,,—,,—,,—,,—,,—,,—,,—,,—,,—,,—,,—,,—,,—,,—,,—,,—,,—,,—,,—,,—,,—,,—,,—,,—,,62,0.00770760815514669
    Industrial Products,,19142,0.151478222334768,20821,0.157354574928771,—,,20326,0.148188651458484,20825,0.154703889697798,21704,0.159514342620698,—,,21196,0.154723234033856,20827,0.151501043856522,22475,0.164214110357727,21717,0.157194145663535,21407,0.157085620358684,21740,0.156080610537954,22055,0.153753381110398,20785,0.146741125638926,18428,0.130847226561391,18516,0.1370154952715,19974,0.143491379310345,18908,0.131273648765925,17711,0.12344568975131,17507,0.124421670563654,19138,0.135789242154407,18648,0.127912639672948,15421,0.114062338200269,1,,-8,,-12,,-9,,3,,8,,6,,8,,8,,13,,14,,13,,12,,6,,4,,5,,6,,5,,5,,6,,1,,1,,3,,3,,1,,-5,,-4,,-8,,-6,,-2,,-2,,2,,4,,6,,5,,4,,5,,4,,4,,2,,—,,—,,—,,—,,—,,—,,—,,—,,—,,—,,—,,—,,—,,—,,—,,—,,—,,—,,—,,—,,—,,46,0.00571854798607658
    Chemicals,,13482,0.106688402127121,13464,0.101754094272176,—,,13572,0.0989479670173443,14072,0.104537485513921,14829,0.108986278415146,—,,14743,0.107618637448629,14410,0.104822107935492,14473,0.105747311199439,14241,0.103080620177483,13798,0.101250403592709,14037,0.100777531284327,14583,0.101663366888821,13927,0.0983239671288583,13371,0.0949402141497912,14044,0.103923396823987,14406,0.103491379310345,14107,0.0979414725587531,13964,0.0973290955726553,13939,0.0990640124514061,14559,0.103300009223849,13668,0.0937532153072633,12641,0.0934999038447314,—,,—,,—,,—,,—,,—,,—,,—,,—,,—,,—,,—,,—,,—,,—,,—,,—,,—,,—,,—,,—,,—,,—,,—,,—,,—,,—,,—,,—,,—,,—,,—,,—,,—,,—,,—,,5,,8,,9,,6,,374,0.0500602329005488,360,0.0465537307642571,370,0.0483976455199477,361,0.0501040943789035,349,0.0486818245222486,272,0.0456222744045622,323,0.0463880511273876,338,0.046814404432133,352,0.0508083140877598,372,0.0489538097118042,400,0.0525624178712221,436,0.0565866320571058,420,0.053394355453852,427,0.0512359011279098,457,0.0526740433379438,412,0.0504407443682664,400,0.0497945972861944,394,0.0493116395494368,396,0.0495433504316277,358,0.0435788192331102,415,0.0518879719929982,369,0.0458727001491795
    Automotive,,4255,0.0336714991136997,4549,0.03437903853566,—,,4579,0.0333836384447701,4402,0.03270139363504,4736,0.03480740539309,—,,4602,0.0335929573043878,4182,0.0304209615118825,4596,0.0335807809212065,4150,0.0300389420501759,4679,0.0343347324547242,4661,0.0334632808517665,4994,0.0348149800619057,4143,0.0292493857840784,4521,0.0321011673151751,4330,0.0320413207240006,4685,0.0336566091954023,4250,0.0295067171173673,4217,0.0293924947027992,3890,0.0276461014732743,3646,0.0258693477319975,3278,0.0224848580463279,3169,0.023439695853489,—,,—,,—,,—,,—,,—,,—,,—,,—,,—,,—,,—,,—,,—,,—,,—,,—,,—,,—,,—,,—,,—,,—,,—,,—,,—,,—,,—,,—,,—,,—,,—,,—,,—,,—,,—,,4,,2,,3,,3,,223,0.0298487484941775,219,0.0283201862149231,223,0.0291693917593198,215,0.0298403886190146,214,0.0298507462686567,150,0.0251593425025159,193,0.0277179376705443,186,0.0257617728531856,177,0.0255484988452656,180,0.0236873272799052,182,0.023915900131406,202,0.0262167423750811,205,0.0260615306381897,233,0.0279577633789297,231,0.0266251728907331,215,0.0263222331047992,235,0.0292543259056392,220,0.0275344180225282,226,0.0282747403978481,191,0.0232501521606817,217,0.0271317829457364,212,0.026355047240179
Source: Bloomberg,,,,,,,,,,,,,,,,,,,,,,,,,,,,,,,,,,,,,,,,,,,,,,,,,,5,,-7,,-8,,-8,,6,,13,,10,,11,,8,,11,,13,,12,,14,,10,,9,,12,,16,,12,,10,,10,,-4,,1,,2,,1,,3,,-7,,-4,,-11,,-13,,-8,,-6,,4,,8,,7,,0,,—,,—,,—,,—,,—,,133,0.0178021683844198,123,0.0159058580111212,132,0.0172661870503597,126,0.0174878556557946,117,0.0163202678197796,103,0.0172760818517276,114,0.016372253339078,139,0.0192520775623269,161,0.0232390300230947,176,0.0231609422292407,198,0.0260183968462549,217,0.0281635301752109,201,0.0255530129672006,183,0.0219582433405328,212,0.0244352236053481,183,0.0224045053868756,151,0.0187974604755384,149,0.018648310387985,142,0.0177655448517453,142,0.0172854534388314,174,0.0217554388597149,131,0.0162854301342616
,,,,,,,,,,,,,,,,,,,,,,,,,,,,,,,,,,,,,,,,,,,,,,,,,,-13,,-12,,-14,,-2,,21,,19,,16,,5,,8,,11,,12,,13,,10,,8,,2,,5,,11,,8,,9,,7,,-2,,-4,,-1,,-2,,-1,,-3,,-5,,-6,,-8,,-11,,-6,,-3,,1,,6,,1,,3,,—,,—,,—,,—,,18,0.00240931602195155,18,0.00232768653821285,15,0.00196206671026815,20,0.00277585010409438,18,0.00251081043381225,19,0.00318685005031869,16,0.00229786011776533,13,0.0018005540166205,14,0.00202078521939954,16,0.00210554020265824,20,0.0026281208935611,17,0.00220635950681376,14,0.00177981184846173,11,0.00131989440844732,14,0.00161364684186261,14,0.00171400587659158,14,0.00174281090501681,25,0.00312891113892365,28,0.00350306518203428,25,0.00304321363359708,24,0.00300075018754689,26,0.00323222277473894
,,,,,,,,,,,,,,,,,,,,,,,,,,,,,,,,,,,,,,,,,,,,,,,,,,-1,,-8,,-13,,-10,,3,,8,,8,,8,,6,,9,,12,,7,,8,,2,,-2,,0,,1,,2,,2,,5,,3,,2,,4,,5,,1,,0,,-1,,-7,,-2,,-4,,-4,,0,,1,,3,,9,,—,,—,,—,,—,,—,,-2087,,-2137,,-2129,,-1993,,-1940,,-1718,,-2044,,-2079,,-1927,,-2095,,-2044,,-1972,,-2006,,-2065,,-2110,,-1868,,-1977,,-2027,,-2052,,-2056,,-1967,,-2037,
,,,,,,,,,,,,,,,,,,,,,,,,,,,,,,,,,,,,,,,,,,,,,,,,,,6,,-2,,-7,,-5,,2,,6,,5,,4,,3,,7,,8,,7,,7,,1,,-1,,0,,1,,2,,2,,3,,3,,4,,4,,3,,2,,-1,,-3,,-5,,-3,,-2,,1,,4,,5,,6,,8,,—,,—,,—,,—,,—,,—,,—,,—,,—,,—,,—,,—,,—,,—,,—,,—,,—,,—,,—,,—,,—,,—,,—,,—,,—,,—,,—,
,,,,,,,,,,,,,,,,,,,,,,,,,,,,,,,,,,,,,,,,,,,,,,,,,,-3,,-9,,-14,,-9,,1,,4,,4,,3,,6,,11,,15,,16,,13,,8,,4,,3,,7,,6,,2,,5,,1,,3,,7,,5,,3,,-1,,-4,,-8,,-9,,-4,,-2,,4,,7,,8,,10,,—,,—,,—,,—,,—,,2401,,2450,,2417,,2435,,2516,,2312,,2248,,2341,,2413,,2449,,2528,,2686,,2711,,2830,,2895,,2902,,2861,,2748,,2702,,2822,,2855,,2768,
,,,,,,,,,,,,,,,,,,,,,,,,,,,,,,,,,,,,,,,,,,,,,,,,,,1,,-6,,-11,,-8,,4,,10,,8,,13,,11,,14,,15,,16,,13,,7,,7,,5,,4,,2,,2,,-2,,1,,3,,4,,5,,-3,,-7,,-7,,-8,,-6,,-3,,-2,,1,,3,,1,,2,,4,,—,,—,,—,,—,,3465,,3408,,3336,,3386,,3469,,3201,,3271,,3331,,3417,,3442,,3482,,3522,,3574,,3674,,3852,,3711,,3760,,3646,,3612,,3742,,3886,,3825,
,,,,,,,,,,,,,,,,,,,,,,,,,,,,,,,,,,,,,,,,,,,,,,,,,,—,,—,,—,,—,,—,,—,,—,,—,,—,,—,,—,,—,,—,,—,,—,,—,,—,,—,,—,,—,,—,,—,,—,,—,,—,,—,,—,,—,,—,,—,,—,,—,,—,,—,,—,,—,,—,,—,,—,,—,,5145,,5324,,5275,,5313,,5457,,5256,,5181,,5184,,5244,,5463,,5457,,5521,,5672,,6128,,6347,,6264,,6384,,6337,,6197,,6326,,6297,,6249,
,,,,,,,,,,,,,,,,,,,,,,,,,,,,,,,,,,,,,,,,,,,,,,,,,,-20,,-28,,-25,,-13,,16,,27,,21,,18,,13,,16,,16,,16,,14,,7,,4,,2,,3,,5,,5,,7,,6,,10,,11,,9,,-1,,-10,,-10,,-16,,-14,,-13,,-7,,-1,,6,,11,,4,,5,,7,,8,,10,,6,,3865,,3807,,3797,,3818,,3866,,3739,,3742,,3747,,3828,,3944,,3996,,4054,,4219,,4161,,4434,,4459,,4408,,4388,,4201,,4347,,4416,,4462,
,,,,,,,,,,,,,,,,,,,,,,,,,,,,,,,,,,,,,,,,,,,,,,,,,,—,,—,,—,,—,,—,,—,,—,,—,,—,,—,,—,,—,,—,,—,,—,,—,,—,,—,,—,,—,,—,,—,,—,,—,,—,,—,,—,,—,,—,,—,,—,,—,,—,,—,,—,,—,,7,,14,,18,,15,,3047,,3081,,3131,,3086,,3205,,3086,,3154,,3125,,3113,,3189,,3277,,3242,,3247,,3455,,3508,,3335,,3402,,3336,,3406,,3353,,3486,,3507,
,,,,,,,,,,,,,,,,,,,,,,,,,,,,,,,,,,,,,,,,,,,,,,,,,,—,,—,,—,,—,,—,,—,,—,,—,,—,,—,,—,,—,,—,,—,,—,,—,,—,,—,,—,,—,,—,,—,,—,,—,,—,,—,,—,,—,,—,,—,,—,,—,,—,,—,,—,,—,,6,,8,,13,,10,,2968,,2806,,2599,,2606,,2697,,2276,,2337,,2448,,2563,,2569,,2596,,2659,,2660,,2755,,2969,,2790,,2853,,2677,,2688,,2860,,3030,,2885,
,,,,,,,,,,,,,,,,,,,,,,,,,,,,,,,,,,,,,,,,,,,,,,,,,,-6,,-22,,-21,,-22,,5,,17,,11,,16,,13,,14,,21,,21,,5,,-9,,-5,,-7,,-6,,12,,2,,-1,,3,,1,,2,,9,,-5,,-31,,-18,,-31,,-43,,-27,,-19,,-6,,—,,—,,—,,—,,—,,—,,—,,—,,3146,,3179,,3068,,3121,,3219,,3099,,2964,,3139,,3246,,3266,,3244,,3457,,3508,,3642,,3685,,3799,,3743,,3568,,3465,,3712,,3787,,3692,
,,,,,,,,,,,,,,,,,,,,,,,,,,,,,,,,,,,,,,,,,,,,,,,,,,-55,,-54,,-30,,-1,,88,,0,,36,,7,,12,,14,,23,,26,,26,,25,,15,,14,,13,,12,,17,,17,,0,,2,,3,,0,,6,,3,,0,,1,,-1,,-13,,-8,,-6,,-1,,5,,-3,,-1,,—,,—,,—,,—,,5219,,5211,,5203,,5340,,5277,,4986,,4891,,5030,,5234,,5226,,5246,,5409,,5637,,5770,,6017,,5957,,5963,,5740,,5847,,6174,,6231,,5943,
,,,,,,,,,,,,,,,,,,,,,,,,,,,,,,,,,,,,,,,,,,,,,,,,,,-13,,-21,,-23,,-7,,10,,13,,16,,14,,11,,22,,9,,2,,6,,1,,-4,,-8,,-9,,-8,,-2,,19,,16,,19,,19,,9,,3,,-7,,-4,,-12,,-6,,-3,,6,,7,,—,,—,,—,,—,,—,,—,,—,,—,,3924,,3993,,3900,,3860,,3940,,3861,,3705,,3710,,3782,,3894,,3937,,4187,,4269,,4451,,4641,,4681,,4668,,4527,,4486,,4580,,4494,,4493,
,,,,,,,,,,,,,,,,,,,,,,,,,,,,,,,,,,,,,,,,,,,,,,,,,,-15,,-24,,-16,,-7,,14,,19,,14,,14,,13,,19,,14,,18,,16,,13,,17,,15,,14,,12,,5,,3,,2,,3,,6,,8,,0,,-1,,-6,,-7,,-2,,-5,,-1,,0,,—,,—,,—,,—,,—,,—,,—,,—,,3718,,3182,,3334,,3636,,3768,,3181,,3172,,3647,,3852,,3304,,3125,,3705,,4016,,3437,,3504,,4167,,4135,,3830,,3818,,4085,,4271,,3311,
,,,,,,,,,,,,,,,,,,,,,,,,,,,,,,,,,,,,,,,,,,,,,,,,,,-29,,-39,,-39,,-28,,10,,30,,25,,27,,15,,16,,24,,24,,25,,14,,2,,3,,6,,7,,11,,14,,10,,16,,19,,15,,1,,-14,,-16,,-23,,-18,,-14,,-13,,-2,,—,,—,,—,,—,,—,,—,,—,,—,,2162,,2147,,2082,,1991,,2022,,1979,,1820,,1887,,1958,,2134,,2298,,2251,,2262,,2426,,2514,,2431,,2341,,2107,,2114,,2281,,2189,,2156,
,,,,,,,,,,,,,,,,,,,,,,,,,,,,,,,,,,,,,,,,,,,,,,,,,,-22,,-23,,-22,,-3,,25,,35,,34,,25,,15,,13,,8,,13,,15,,10,,8,,6,,9,,-1,,0,,0,,4,,16,,15,,11,,-5,,-5,,-11,,-14,,-9,,-16,,-9,,0,,3,,3,,—,,4,,—,,—,,—,,—,,1489,,1557,,1545,,1560,,1583,,1354,,1454,,1497,,1517,,1547,,1608,,1748,,1782,,1943,,1939,,1953,,1866,,1794,,1769,,1824,,1792,,1766,
,,,,,,,,,,,,,,,,,,,,,,,,,,,,,,,,,,,,,,,,,,,,,,,,,,-521,,-545,,-742,,-546,,-461,,-595,,-630,,-796,,-602,,-739,,-891,,-958,,-804,,-1012,,-1060,,-862,,-782,,-948,,-905,,-861,,-893,,-1175,,-1158,,-1120,,-1101,,-1106,,-1116,,-1327,,-687,,-903,,-1014,,-901,,-811,,-778,,-790,,-859,,-910,,-740,,-814,,-1009,,2472,,2546,,2436,,2441,,2525,,2388,,2368,,2399,,2485,,2479,,2500,,2576,,2640,,2919,,3030,,3007,,2944,,2928,,2894,,3061,,2947,,3033,
,,,,,,,,,,,,,,,,,,,,,,,,,,,,,,,,,,,,,,,,,,,,,,,,,,-2,0.00383877159309021,-2,0.0036697247706422,-9,0.0121293800539084,-15,0.0274725274725275,-13,0.0281995661605206,-17,0.0285714285714286,-20,0.0317460317460317,-34,0.042713567839196,-37,0.0614617940199335,-47,0.0635994587280108,-60,0.0673400673400673,-85,0.0887265135699374,-75,0.0932835820895522,-86,0.0849802371541502,-99,0.0933962264150943,-89,0.103248259860789,-96,0.122762148337596,-112,0.118143459915612,-100,0.110497237569061,-111,0.128919860627178,-87,0.097424412094065,-96,0.0817021276595745,-94,0.0811744386873921,-97,0.0866071428571428,-92,0.0835603996366939,-92,0.0831826401446655,-116,0.103942652329749,-81,0.0610399397136398,-68,0.098981077147016,-93,0.102990033222591,-102,0.100591715976331,-108,0.119866814650388,-76,0.093711467324291,-101,0.129820051413882,-85,0.107594936708861,-74,0.0861466821885914,-41,0.0450549450549451,-39,0.0527027027027027,-41,0.0503685503685504,-37,0.0366699702675917,1241,,1295,,1294,,1319,,1307,,1241,,1238,,1284,,1299,,1363,,1424,,1541,,1566,,1711,,1672,,1672,,1573,,1471,,1459,,1515,,1468,,1421,
,,,,,,,,,,,,,,,,,,,,,,,,,,,,,,,,,,,,,,,,,,,,,,,,,,-34,0.0652591170825336,-21,0.0385321100917431,-12,0.0161725067385445,-23,0.0421245421245421,-43,0.0932754880694143,-9,0.0151260504201681,-31,0.0492063492063492,-11,0.0138190954773869,-66,0.109634551495017,-7,0.0094722598105548,-15,0.0168350168350168,-74,0.0772442588726514,-51,0.0634328358208955,-41,0.0405138339920949,-32,0.030188679245283,-24,0.0278422273781903,-46,0.0588235294117647,-11,0.0116033755274262,-41,0.0453038674033149,-65,0.0754936120789779,-51,0.0571108622620381,-292,0.248510638297872,-85,0.0734024179620035,-11,0.00982142857142857,-84,0.0762942779291553,-58,0.0524412296564195,-29,0.0259856630824373,-118,0.0889223813112283,-22,0.0320232896652111,-21,0.0232558139534884,-33,0.0325443786982249,-62,0.0688124306326304,-68,0.0838471023427867,-28,0.0359897172236504,-42,0.0531645569620253,-11,0.0128055878928987,-118,0.12967032967033,-18,0.0243243243243243,-55,0.0675675675675676,-44,0.043607532210109,—,,—,,—,,—,,—,,—,,—,,—,,—,,—,,—,,—,,—,,—,,—,,—,,—,,—,,—,,—,,—,,—,
,,,,,,,,,,,,,,,,,,,,,,,,,,,,,,,,,,,,,,,,,,,,,,,,,,-67,0.128598848368522,-62,0.113761467889908,-86,0.115902964959569,-140,0.256410256410256,-50,0.108459869848156,-55,0.092436974789916,-76,0.120634920634921,-168,0.21105527638191,-51,0.0847176079734219,-96,0.129905277401894,-99,0.111111111111111,-176,0.183716075156576,-122,0.151741293532338,-161,0.159090909090909,-175,0.165094339622642,-200,0.232018561484919,-112,0.143222506393862,-149,0.157172995780591,-149,0.164640883977901,-191,0.221835075493612,-154,0.172452407614782,-153,0.130212765957447,-162,0.139896373056995,-263,0.234821428571429,-174,0.158038147138965,-179,0.161844484629295,-198,0.17741935483871,-133,0.100226073850791,-75,0.109170305676856,-67,0.0741971207087486,-73,0.0719921104536489,-90,0.099889012208657,-31,0.0382244143033292,-68,0.0874035989717224,-77,0.0974683544303798,-137,0.159487776484284,-78,0.0857142857142857,-123,0.166216216216216,-129,0.158476658476658,-190,0.188305252725471,—,,—,,—,,—,,—,,—,,—,,—,,—,,—,,—,,—,,—,,—,,—,,—,,—,,—,,—,,—,,—,,—,
,,,,,,,,,,,,,,,,,,,,,,,,,,,,,,,,,,,,,,,,,,,,,,,,,,-10,0.0191938579654511,-18,0.0330275229357798,-52,0.0700808625336927,-113,0.206959706959707,-31,0.0672451193058568,-34,0.0571428571428571,-49,0.0777777777777778,-113,0.141959798994975,-8,0.0132890365448505,-10,0.013531799729364,-15,0.0168350168350168,-78,0.081419624217119,-28,0.0348258706467662,-43,0.0424901185770751,-42,0.039622641509434,-56,0.0649651972157773,-19,0.0242966751918159,-29,0.0305907172995781,-38,0.0419889502762431,-60,0.0696864111498258,-46,0.051511758118701,-38,0.0323404255319149,-37,0.0319516407599309,-96,0.0857142857142857,-50,0.0454132606721163,-46,0.0415913200723327,-71,0.0636200716845878,-60,0.0452147701582517,-35,0.0509461426491994,-37,0.0409745293466224,-39,0.0384615384615385,-41,0.0455049944506104,-20,0.0246609124537608,-48,0.0616966580976864,-51,0.0645569620253165,-70,0.0814901047729918,-36,0.0395604395604396,-61,0.0824324324324324,-48,0.058968058968059,-89,0.0882061446977205,—,,—,,—,,—,,—,,—,,—,,—,,—,,—,,—,,—,,—,,—,,—,,—,,—,,—,,—,,—,,—,,—,
,,,,,,,,,,,,,,,,,,,,,,,,,,,,,,,,,,,,,,,,,,,,,,,,,,-57,0.109404990403071,-44,0.0807339449541285,-34,0.045822102425876,-27,0.0494505494505495,-19,0.0412147505422994,-21,0.0352941176470588,-27,0.0428571428571429,-55,0.0690954773869347,-43,0.0714285714285714,-86,0.11637347767253,-84,0.0942760942760943,-98,0.102296450939457,-94,0.116915422885572,-118,0.116600790513834,-133,0.125471698113208,-144,0.167053364269142,-93,0.118925831202046,-120,0.126582278481013,-111,0.122651933701657,-131,0.152148664343786,-108,0.120940649496081,-115,0.0978723404255319,-125,0.107944732297064,-167,0.149107142857143,-124,0.112624886466848,-133,0.120253164556962,-127,0.113799283154122,-73,0.0550113036925396,-40,0.0582241630276565,-30,0.0332225913621262,-34,0.0335305719921105,-49,0.0543840177580466,-11,0.0135635018495684,-20,0.025706940874036,-26,0.0329113924050633,-67,0.0779976717112922,-42,0.0461538461538462,-62,0.0837837837837838,-81,0.0995085995085995,-101,0.10009910802775,—,,—,,—,,—,,—,,—,,—,,—,,—,,—,,—,,—,,—,,—,,—,,—,,—,,—,,—,,—,,—,,—,
,,,,,,,,,,,,,,,,,,,,,,,,,,,,,,,,,,,,,,,,,,,,,,,,,,-25,0.0479846449136276,-27,0.0495412844036697,-24,0.032345013477089,-16,0.0293040293040293,-16,0.03470715835141,-71,0.119327731092437,-63,0.1,-180,0.226130653266332,-71,0.117940199335548,-177,0.239512855209743,-302,0.338945005611672,-125,0.130480167014614,-177,0.220149253731343,-290,0.286561264822134,-331,0.312264150943396,-77,0.0893271461716937,-150,0.191815856777494,-216,0.227848101265823,-118,0.130386740331492,-96,0.111498257839721,-227,0.254199328107503,-184,0.156595744680851,-386,0.333333333333333,-270,0.241071428571429,-361,0.327883742052679,-281,0.254068716094033,-227,0.203405017921147,-567,0.427279577995478,-100,0.145560407569141,-211,0.233665559246955,-327,0.322485207100592,-216,0.239733629300777,-224,0.276202219482121,-77,0.0989717223650386,-129,0.163291139240506,-177,0.206053550640279,-300,0.32967032967033,-102,0.137837837837838,-107,0.131449631449631,-207,0.205153617443013,—,,—,,—,,—,,—,,—,,—,,—,,—,,—,,—,,—,,—,,—,,—,,—,,—,,—,,—,,—,,—,,—,
,,,,,,,,,,,,,,,,,,,,,,,,,,,,,,,,,,,,,,,,,,,,,,,,,,-393,0.754318618042226,-433,0.794495412844037,-611,0.823450134770889,-352,0.644688644688645,-339,0.735357917570499,-443,0.74453781512605,-440,0.698412698412698,-403,0.506281407035176,-377,0.62624584717608,-412,0.557510148849797,-415,0.465768799102132,-498,0.519832985386221,-379,0.471393034825871,-434,0.428853754940711,-423,0.399056603773585,-472,0.547563805104408,-378,0.483375959079284,-460,0.485232067510548,-497,0.549171270718232,-398,0.462253193960511,-374,0.418812989921613,-450,0.382978723404255,-431,0.372193436960276,-479,0.427678571428571,-390,0.354223433242507,-496,0.448462929475588,-546,0.489247311827957,-428,0.322532027128862,-422,0.614264919941776,-511,0.565891472868217,-479,0.472386587771203,-425,0.471698113207547,-412,0.508014796547472,-504,0.647814910025707,-457,0.578481012658228,-460,0.535506402793946,-373,0.40989010989011,-458,0.618918918918919,-482,0.592137592137592,-531,0.526263627353816,0,,3,,1,,1,,5,,-6,,-7,,-4,,-4,,5,,12,,15,,12,,16,,15,,8,,6,,-3,,-7,,-3,,0,,1,
,,,,,,,,,,,,,,,,,,,,,,,,,,,,,,,,,,,,,,,,,,,,,,,,,,-51,0.0978886756238004,-64,0.11743119266055,-59,0.0795148247978437,-34,0.0622710622710623,-48,0.10412147505423,-57,0.0957983193277311,-44,0.0698412698412698,-41,0.0515075376884422,-50,0.0830564784053156,-60,0.081190798376184,-59,0.0662177328843996,-51,0.0532359081419624,-46,0.0572139303482587,-58,0.0573122529644269,-49,0.0462264150943396,-50,0.0580046403712297,-46,0.0588235294117647,-59,0.0622362869198312,-71,0.0784530386740332,-50,0.0580720092915215,-44,0.0492721164613662,-57,0.0485106382978723,-52,0.0449050086355786,-51,0.0455357142857143,-49,0.0445049954586739,-69,0.0623869801084991,-67,0.0600358422939068,-48,0.0361718161266014,-50,0.0727802037845706,-74,0.0819490586932447,-60,0.0591715976331361,-51,0.0566037735849057,-51,0.06288532675709,-66,0.0848329048843188,-61,0.0772151898734177,-53,0.0616996507566938,-45,0.0494505494505495,-57,0.077027027027027,-57,0.07002457002457,-57,0.0564915758176412,1,,2,,-3,,0,,0,,-6,,-2,,-2,,-1,,8,,6,,6,,5,,7,,11,,5,,5,,-1,,-6,,1,,3,,5,
,,,,,,,,,,,,,,,,,,,,,,,,,,,,,,,,,,,,,,,,,,,,,,,,,,-120,0.230326295585413,-117,0.214678899082569,-119,0.160377358490566,-93,0.17032967032967,-108,0.234273318872017,-130,0.218487394957983,-117,0.185714285714286,-89,0.111809045226131,-100,0.166112956810631,-99,0.133964817320704,-103,0.115600448933782,-101,0.105427974947808,-108,0.134328358208955,-119,0.117588932806324,-105,0.0990566037735849,-102,0.118329466357309,-112,0.143222506393862,-131,0.138185654008439,-118,0.130386740331492,-77,0.0894308943089431,-95,0.106382978723404,-117,0.0995744680851064,-111,0.0958549222797927,-92,0.0821428571428571,-106,0.0962761126248865,-119,0.107594936708861,-134,0.120071684587814,-96,0.0723436322532027,-126,0.183406113537118,-142,0.157253599114064,-129,0.127218934911243,-97,0.107658157602664,-118,0.145499383477189,-130,0.167095115681234,-123,0.155696202531646,-109,0.126891734575087,-114,0.125274725274725,-113,0.152702702702703,-118,0.144963144963145,-99,0.0981169474727453,—,,—,,—,,—,,-9,,-19,,-10,,-6,,-5,,13,,11,,9,,4,,7,,14,,5,,7,,-3,,-9,,3,,6,,8,
,,,,,,,,,,,,,,,,,,,,,,,,,,,,,,,,,,,,,,,,,,,,,,,,,,-151,0.289827255278311,-175,0.321100917431193,-90,0.121293800539084,-72,0.131868131868132,-134,0.290672451193059,-183,0.307563025210084,-180,0.285714285714286,-129,0.162060301507538,-169,0.280730897009967,-181,0.244925575101488,-163,0.18294051627385,-184,0.192066805845511,-177,0.220149253731343,-194,0.191699604743083,-187,0.176415094339623,-201,0.233178654292343,-174,0.222506393861893,-204,0.215189873417722,-213,0.235359116022099,-152,0.176538908246225,-175,0.195968645016797,-213,0.181276595744681,-178,0.153713298791019,-171,0.152678571428571,-170,0.154405086285195,-209,0.188969258589512,-218,0.195340501792115,-137,0.103240391861341,-146,0.212518195050946,-182,0.201550387596899,-158,0.155818540433925,-142,0.157602663706992,-154,0.189889025893958,-173,0.222365038560411,-155,0.19620253164557,-137,0.159487776484284,-128,0.140659340659341,-165,0.222972972972973,-168,0.206388206388206,-147,0.145688800792864,—,,—,,—,,—,,5,,0,,1,,1,,-3,,3,,4,,4,,4,,8,,7,,3,,5,,-3,,-3,,1,,2,,5,
,,,,,,,,,,,,,,,,,,,,,,,,,,,,,,,,,,,,,,,,,,,,,,,,,,-71,0.136276391554703,-77,0.141284403669725,-343,0.462264150943396,-153,0.28021978021978,-49,0.106290672451193,-73,0.122689075630252,-99,0.157142857142857,-144,0.180904522613065,-58,0.0963455149501661,-72,0.0974289580514208,-90,0.101010101010101,-162,0.169102296450939,-48,0.0597014925373134,-63,0.0622529644268775,-82,0.0773584905660377,-119,0.138051044083527,-46,0.0588235294117647,-66,0.069620253164557,-95,0.104972375690608,-119,0.138211382113821,-60,0.0671892497200448,-63,0.0536170212765957,-90,0.077720207253886,-165,0.147321428571429,-65,0.0590372388737511,-99,0.0895117540687161,-127,0.113799283154122,-147,0.110776186887717,-100,0.145560407569141,-113,0.125138427464009,-132,0.130177514792899,-135,0.149833518312986,-89,0.109741060419236,-135,0.173521850899743,-118,0.149367088607595,-161,0.187427240977881,-86,0.0945054945054945,-123,0.166216216216216,-139,0.170761670761671,-228,0.225966303270565,—,,—,,—,,—,,0,,-2,,-1,,-2,,-1,,5,,7,,8,,10,,6,,11,,10,,4,,5,,-5,,-3,,0,,2,
,,,,,,,,,,,,,,,,,,,,,,,,,,,,,,,,,,,,,,,,,,,,,,,,,,1847,1.0,1852,1.0,2035,1.0,2052,1.0,2082,1.0,2180,1.0,2316,1.0,2237,1.0,2189,1.0,2247,1.0,2341,1.0,2295,1.0,2218,1.0,2258,1.0,2331,1.0,2241,1.0,2168,1.0,2246,1.0,2328,1.0,2280,1.0,2274,1.0,2431,1.0,2496,1.0,2424,1.0,2231,1.0,2289,1.0,2339,1.0,2203,1.0,2044,1.0,2048,1.0,2204,1.0,2146,1.0,2088,1.0,2145,1.0,2188,1.0,2167,1.0,2125,1.0,2225,1.0,2316,1.0,—,,—,,—,,—,,—,,6,,-1,,-2,,-2,,-4,,4,,5,,7,,8,,12,,16,,13,,13,,3,,-2,,1,,-1,,-1,
,,,,,,,,,,,,,,,,,,,,,,,,,,,,,,,,,,,,,,,,,,,,,,,,,,1847,1.0,1852,1.0,2035,1.0,2052,1.0,2082,1.0,2180,1.0,2316,1.0,2237,1.0,2189,1.0,2247,1.0,2341,1.0,2295,1.0,2218,1.0,2258,1.0,2331,1.0,2241,1.0,2168,1.0,2246,1.0,2328,1.0,2280,1.0,2274,1.0,2431,1.0,2496,1.0,2424,1.0,2231,1.0,2289,1.0,2339,1.0,2203,1.0,2044,1.0,2048,1.0,2204,1.0,2146,1.0,2088,1.0,2145,1.0,2188,1.0,2167,1.0,2125,1.0,2225,1.0,2316,1.0,—,,—,,—,,—,,—,,2,,-3,,-3,,1,,1,,5,,9,,10,,8,,12,,14,,10,,7,,-2,,-6,,-2,,1,,3,
,,,,,,,,,,,,,,,,,,,,,,,,,,,,,,,,,,,,,,,,,,,,,,,,,,—,,—,,—,,—,,—,,—,,—,,—,,—,,—,,—,,—,,—,,—,,—,,—,,—,,—,,—,,—,,—,,—,,—,,—,,—,,—,,—,,—,,—,,—,,—,,—,,1000,0.478927203065134,1038,0.483916083916084,1041,0.475776965265082,1037,0.478541762805722,1016,0.478117647058824,1101,0.494831460674157,1133,0.489205526770294,—,,—,,—,,—,,—,,1,,-4,,-6,,-6,,-1,,5,,7,,8,,8,,10,,15,,10,,6,,-1,,-3,,4,,4,,4,
,,,,,,,,,,,,,,,,,,,,,,,,,,,,,,,,,,,,,,,,,,,,,,,,,,615,0.332972387655658,669,0.361231101511879,728,0.357739557739558,763,0.371832358674464,742,0.356388088376561,827,0.379357798165138,903,0.389896373056995,841,0.37594993294591,770,0.351758793969849,819,0.364485981308411,848,0.362238359675352,817,0.35599128540305,778,0.350766456266907,846,0.37466784765279,857,0.367653367653368,831,0.370816599732262,810,0.373616236162362,822,0.365983971504898,848,0.36426116838488,845,0.370614035087719,833,0.366314863676341,924,0.380090497737557,936,0.375,898,0.37046204620462,812,0.363962348722546,942,0.411533420707733,898,0.383924754168448,836,0.379482523831139,788,0.385518590998043,809,0.39501953125,838,0.38021778584392,827,0.385368126747437,787,0.376915708812261,823,0.383682983682984,840,0.383912248628885,825,0.380710659898477,799,0.376,876,0.393707865168539,908,0.392055267702936,—,,—,,—,,—,,—,,-6,,-8,,-13,,-5,,-3,,8,,26,,19,,16,,14,,9,,8,,3,,-13,,-16,,-6,,-6,,2,
,,,,,,,,,,,,,,,,,,,,,,,,,,,,,,,,,,,,,,,,,,,,,,,,,,97,0.0525175961017867,93,0.0502159827213823,124,0.0609336609336609,151,0.0735867446393762,151,0.0725264169068204,159,0.0729357798165138,146,0.0630397236614853,155,0.0692892266428252,157,0.0717222476016446,165,0.0734312416555407,160,0.0683468603161042,171,0.0745098039215686,180,0.0811541929666366,190,0.0841452612931798,181,0.0776490776490776,187,0.0834448906738063,184,0.0848708487084871,197,0.0877114870881567,195,0.0837628865979381,205,0.0899122807017544,188,0.0826737027264732,208,0.0855614973262032,204,0.0817307692307692,209,0.0862211221122112,202,0.0905423576871358,222,0.0969855832241153,214,0.0914920906370244,225,0.10213345438039,217,0.106164383561644,217,0.10595703125,210,0.0952813067150635,219,0.102050326188257,213,0.102011494252874,215,0.1002331002331,201,0.0918647166361975,212,0.097831102907245,217,0.102117647058824,225,0.101123595505618,225,0.0971502590673575,—,,—,,—,,—,,—,,0,,-3,,-5,,-4,,-4,,1,,6,,13,,13,,14,,18,,12,,9,,2,,-3,,-2,,-4,,-1,
,,,,,,,,,,,,,,,,,,,,,,,,,,,,,,,,,,,,,,,,,,,,,,,,,,—,,—,,—,,—,,—,,—,,—,,—,,—,,—,,—,,—,,—,,—,,—,,—,,—,,—,,—,,—,,—,,—,,—,,—,,—,,—,,—,,—,,—,,—,,—,,—,,595,0.284961685823755,575,0.268065268065268,614,0.280621572212066,596,0.275034610059991,574,0.270117647058824,545,0.244943820224719,609,0.262953367875648,—,,—,,—,,—,,—,,1,,0,,-5,,0,,2,,4,,-1,,2,,4,,4,,12,,12,,3,,11,,9,,-2,,3,,-14,
,,,,,,,,,,,,,,,,,,,,,,,,,,,,,,,,,,,,,,,,,,,,,,,,,,—,,—,,—,,—,,—,,—,,—,,—,,—,,—,,—,,—,,—,,—,,—,,—,,—,,—,,—,,—,,—,,—,,—,,—,,—,,—,,—,,—,,—,,—,,—,,—,,305,0.146072796934866,287,0.133799533799534,334,0.152650822669104,314,0.144900784494693,296,0.139294117647059,260,0.11685393258427,324,0.139896373056995,—,,0,,4,,2,,1,,6,,-13,,-6,,-4,,-4,,14,,11,,17,,17,,26,,21,,12,,5,,-8,,-9,,-7,,-4,,-2,
,,,,,,,,,,,,,,,,,,,,,,,,,,,,,,,,,,,,,,,,,,,,,,,,,,—,,—,,—,,—,,—,,—,,—,,—,,—,,—,,—,,—,,—,,—,,—,,—,,—,,—,,—,,—,,—,,—,,—,,—,,—,,—,,—,,—,,—,,—,,—,,—,,198,0.0948275862068965,184,0.0857808857808858,177,0.0808957952468007,187,0.0862944162436548,182,0.0856470588235294,184,0.0826966292134831,182,0.0785837651122625,—,,—,,—,,—,,—,,2,,-6,,-3,,-2,,-2,,4,,6,,7,,6,,18,,21,,17,,12,,0,,-4,,2,,0,,4,
,,,,,,,,,,,,,,,,,,,,,,,,,,,,,,,,,,,,,,,,,,,,,,,,,,—,,—,,—,,—,,—,,—,,—,,—,,—,,—,,—,,—,,—,,—,,—,,—,,—,,—,,—,,—,,—,,—,,—,,—,,—,,—,,—,,—,,—,,—,,—,,—,,52,0.024904214559387,54,0.0251748251748252,54,0.0246800731261426,52,0.0239963082602677,52,0.0244705882352941,53,0.0238202247191011,52,0.0224525043177893,—,,—,,—,,—,,—,,5,,-4,,-4,,-3,,-1,,10,,15,,20,,21,,26,,17,,9,,0,,-14,,-13,,-9,,-7,,-3,
,,,,,,,,,,,,,,,,,,,,,,,,,,,,,,,,,,,,,,,,,,,,,,,,,,—,,—,,—,,—,,—,,—,,—,,—,,—,,—,,—,,—,,—,,—,,—,,—,,—,,—,,—,,—,,—,,—,,—,,—,,—,,—,,—,,—,,—,,—,,—,,—,,40,0.0191570881226054,50,0.0233100233100233,49,0.0223948811700183,43,0.0198431010613752,44,0.0207058823529412,48,0.0215730337078652,51,0.022020725388601,—,,—,,—,,—,,—,,—,,—,,—,,—,,—,,—,,—,,—,,—,,—,,—,,—,,—,,—,,—,,—,,—,,—,
,,,,,,,,,,,,,,,,,,,,,,,,,,,,,,,,,,,,,,,,,,,,,,,,,,—,,—,,—,,—,,—,,—,,—,,—,,—,,—,,—,,—,,—,,—,,—,,—,,—,,—,,—,,—,,—,,—,,—,,—,,—,,—,,—,,—,,—,,—,,—,,—,,493,0.236111111111111,532,0.248018648018648,533,0.243601462522852,534,0.246423627134287,535,0.251764705882353,579,0.260224719101124,574,0.247841105354059,—,,—,,—,,—,,—,,—,,—,,—,,—,,—,,—,,—,,—,,—,,—,,—,,—,,—,,—,,—,,—,,—,,—,
,,,,,,,,,,,,,,,,,,,,,,,,,,,,,,,,,,,,,,,,,,,,,,,,,,—,,—,,—,,—,,—,,—,,—,,—,,—,,—,,—,,—,,—,,—,,—,,—,,—,,—,,—,,—,,—,,—,,—,,—,,—,,—,,—,,—,,—,,—,,—,,—,,175,0.0838122605363985,202,0.0941724941724942,211,0.0964351005484461,201,0.0927549607752653,198,0.0931764705882353,231,0.103820224719101,211,0.0911053540587219,—,,—,,—,,—,,—,,—,,—,,—,,—,,—,,—,,—,,—,,—,,—,,—,,—,,—,,—,,—,,—,,—,,—,
,,,,,,,,,,,,,,,,,,,,,,,,,,,,,,,,,,,,,,,,,,,,,,,,,,—,,—,,—,,—,,—,,—,,—,,—,,—,,—,,—,,—,,—,,—,,—,,—,,—,,—,,—,,—,,—,,—,,—,,—,,—,,—,,—,,—,,—,,—,,—,,—,,141,0.0675287356321839,144,0.0671328671328671,136,0.0621572212065814,139,0.0641439778495616,144,0.0677647058823529,151,0.0678651685393258,155,0.0669257340241796,—,,—,,—,,—,,—,,—,,—,,—,,—,,—,,—,,—,,—,,—,,—,,—,,—,,—,,—,,—,,—,,—,,—,
,,,,,,,,,,,,,,,,,,,,,,,,,,,,,,,,,,,,,,,,,,,,,,,,,,—,,—,,—,,—,,—,,—,,—,,—,,—,,—,,—,,—,,—,,—,,—,,—,,—,,—,,—,,—,,—,,—,,—,,—,,—,,—,,—,,—,,—,,—,,—,,—,,120,0.0574712643678161,127,0.0592074592074592,128,0.0585009140767824,135,0.0622981079833872,134,0.0630588235294118,134,0.0602247191011236,147,0.0634715025906736,—,,—,,—,,—,,—,,—,,—,,—,,—,,—,,—,,—,,—,,—,,—,,—,,—,,—,,—,,—,,—,,—,,—,
,,,,,,,,,,,,,,,,,,,,,,,,,,,,,,,,,,,,,,,,,,,,,,,,,,—,,—,,—,,—,,—,,—,,—,,—,,—,,—,,—,,—,,—,,—,,—,,—,,—,,—,,—,,—,,—,,—,,—,,—,,—,,—,,—,,—,,—,,—,,—,,—,,57,0.0272988505747126,59,0.0275058275058275,58,0.026508226691042,59,0.0272265805260729,59,0.0277647058823529,63,0.028314606741573,61,0.0263385146804836,—,,-2,,-2,,-7,,-10,,-3,,-24,,-11,,-1,,-5,,29,,12,,10,,17,,19,,18,,9,,4,,-5,,-9,,1,,-1,,1,
,,,,,,,,,,,,,,,,,,,,,,,,,,,,,,,,,,,,,,,,,,,,,,,,,,521,0.282079047103411,470,0.25377969762419,531,0.260933660933661,499,0.24317738791423,516,0.247838616714697,486,0.222935779816514,535,0.231001727115717,519,0.232007152436299,538,0.245774326176336,496,0.220738762794838,572,0.244340025630073,558,0.243137254901961,495,0.223174030658251,412,0.182462356067316,501,0.214929214929215,463,0.206604194556002,402,0.185424354243542,414,0.184327693677649,468,0.201030927835052,419,0.183771929824561,430,0.189094107299912,417,0.171534348004936,466,0.186698717948718,455,0.187706270627063,399,0.178843567906768,309,0.134993446920052,398,0.170158187259513,353,0.160236041761235,262,0.128180039138943,243,0.11865234375,341,0.154718693284936,320,0.149114631873253,—,,—,,—,,—,,—,,—,,—,,—,,3,,-2,,-9,,-14,,-6,,-33,,-1,,5,,2,,50,,1,,1,,14,,19,,25,,15,,3,,-11,,-12,,-3,,-3,,4,
,,,,,,,,,,,,,,,,,,,,,,,,,,,,,,,,,,,,,,,,,,,,,,,,,,212,0.114780725500812,203,0.109611231101512,215,0.105651105651106,235,0.114522417153996,228,0.109510086455331,213,0.0977064220183486,229,0.0988773747841105,248,0.11086276262852,238,0.108725445408862,237,0.105473965287049,223,0.0952584365655703,236,0.102832244008715,234,0.105500450856628,233,0.103188662533215,218,0.0935220935220935,215,0.0959393128067827,212,0.0977859778597786,209,0.0930543187889581,210,0.0902061855670103,243,0.106578947368421,239,0.105101143359719,243,0.099958864664747,239,0.0957532051282051,252,0.103960396039604,245,0.109816225907665,225,0.0982961992136304,232,0.099187687045746,239,0.10848842487517,235,0.114970645792564,229,0.11181640625,258,0.117059891107078,258,0.12022367194781,—,,—,,—,,—,,—,,—,,—,,—,,—,,—,,—,,—,,1,,-66,,-11,,-4,,-15,,—,,-13,,-3,,12,,31,,44,,27,,17,,11,,1,,1,,4,,5,
,,,,,,,,,,,,,,,,,,,,,,,,,,,,,,,,,,,,,,,,,,,,,,,,,,180,0.0974553329723877,188,0.101511879049676,202,0.0992628992628993,191,0.0930799220272904,203,0.0975024015369837,209,0.0958715596330275,221,0.0954231433506045,211,0.094322753687975,223,0.101873001370489,233,0.103693813974188,233,0.0995301153353268,232,0.101089324618736,241,0.108656447249775,261,0.115589016829052,275,0.117975117975118,265,0.118250780901383,271,0.125,287,0.127782724844167,282,0.121134020618557,263,0.115350877192982,270,0.118733509234828,283,0.11641299876594,288,0.115384615384615,275,0.113448844884488,267,0.11967727476468,283,0.123634775010922,278,0.118854211201368,270,0.122560145256468,268,0.131115459882583,275,0.13427734375,274,0.12431941923775,257,0.119757688723206,—,,—,,—,,—,,—,,—,,—,,—,,—,,—,,—,,—,,1,,-16,,5,,9,,11,,33,,8,,3,,15,,15,,18,,11,,-3,,-20,,-18,,-5,,-6,,3,
,,,,,,,,,,,,,,,,,,,,,,,,,,,,,,,,,,,,,,,,,,,,,,,,,,222,0.120194910665945,229,0.123650107991361,235,0.115479115479115,213,0.103801169590643,242,0.116234390009606,286,0.131192660550459,282,0.121761658031088,263,0.117568171658471,263,0.120146185472819,297,0.132176234979973,305,0.130286202477574,281,0.122440087145969,290,0.130748422001803,316,0.139946855624446,299,0.128271128271128,280,0.124944221329764,289,0.13330258302583,317,0.141139804096171,325,0.139604810996564,305,0.133771929824561,314,0.138082673702726,356,0.146441793500617,363,0.145432692307692,335,0.138201320132013,306,0.137158225011206,308,0.134556574923547,319,0.136383069687901,280,0.127099409895597,274,0.134050880626223,275,0.13427734375,283,0.128402903811252,265,0.123485554520037,—,,—,,—,,—,,—,,—,,—,,—,,5,,4,,-1,,0,,3,,-23,,-18,,-7,,-13,,24,,22,,14,,16,,12,,15,,5,,5,,0,,-6,,4,,4,,2,
,,,,,,,,,,,,,,,,,,,,,,,,,,,,,,,,,,,,,,,,,,,,,,,,,,118420,1.0,113234,1.0,124007,1.0,123527,1.0,126803,1.0,126314,1.0,134509,1.0,132774,1.0,132765,1.0,132163,1.0,140045,1.0,139424,1.0,132707,1.0,126629,1.0,133306,1.0,128469,1.0,123963,1.0,127414,1.0,131283,1.0,131612,1.0,131543,1.0,135763,1.0,140605,1.0,141718,1.0,126410,1.0,116259,1.0,125648,1.0,116718,1.0,104663,1.0,102875,1.0,117483,1.0,115118,1.0,114079,1.0,114822,1.0,118970,1.0,118850,1.0,117400,1.0,117636,1.0,123313,1.0,—,,—,,—,,—,,—,,10,,-10,,-8,,1,,-12,,14,,11,,10,,20,,12,,15,,-1,,3,,-2,,-4,,7,,7,,9,
,,,,,,,,,,,,,,,,,,,,,,,,,,,,,,,,,,,,,,,,,,,,,,,,,,118420,1.0,113234,1.0,124007,1.0,123527,1.0,126803,1.0,126314,1.0,134509,1.0,132774,1.0,132765,1.0,132163,1.0,140045,1.0,139424,1.0,132707,1.0,126629,1.0,133306,1.0,128469,1.0,123963,1.0,127414,1.0,131283,1.0,131612,1.0,131543,1.0,135763,1.0,140605,1.0,141718,1.0,126410,1.0,116259,1.0,125648,1.0,116718,1.0,104663,1.0,102875,1.0,117483,1.0,115118,1.0,114079,1.0,114822,1.0,118970,1.0,118850,1.0,117400,1.0,117636,1.0,123313,1.0,—,,—,,—,,—,,—,,11,,-28,,-22,,-18,,-15,,27,,25,,8,,4,,7,,8,,12,,11,,8,,-2,,7,,11,,4,
,,,,,,,,,,,,,,,,,,,,,,,,,,,,,,,,,,,,,,,,,,,,,,,,,,56003,0.472918425941564,50740,0.448098627620679,57391,0.462804519099728,54093,0.437904263845151,55578,0.438301932919568,53437,0.423048909859556,59331,0.44109316105242,57237,0.43108590537304,58270,0.438895793319022,54730,0.414109849201365,63274,0.451811917597915,62293,0.446788214367684,54379,0.409767382278252,46322,0.36580877997931,55468,0.416095299536405,51297,0.399294771501296,43720,0.352685882077717,45992,0.360965043087887,51325,0.390949323217781,45865,0.348486460201197,44683,0.339683601559946,45573,0.335680560977586,50660,0.360300131574268,50443,0.355939259656501,41710,0.329958072937268,31233,0.268650169019173,42215,0.335978288552146,35953,0.308033036892339,24773,0.236693005168971,23811,0.231455650060753,35030,0.298170799179456,33487,0.290892823016383,40186,0.352264658701426,40317,0.351126090818833,46032,0.386921072539296,46056,0.387513672696676,43962,0.374463373083475,40002,0.340048964602673,45190,0.36646582274375,—,,—,,—,,—,,—,,6,,-12,,-2,,9,,4,,31,,20,,14,,15,,11,,14,,-7,,-9,,-10,,-15,,3,,2,,-1,
,,,,,,,,,,,,,,,,,,,,,,,,,,,,,,,,,,,,,,,,,,,,,,,,,,—,,—,,—,,—,,—,,—,,—,,—,,—,,—,,—,,—,,—,,—,,—,,—,,—,,—,,—,,—,,—,,—,,—,,—,,—,,—,,—,,—,,—,,—,,—,,—,,23679,0.207566686243743,24335,0.211936736862274,23763,0.199739430108431,23831,0.200513251998317,23975,0.204216354344123,25976,0.220816756775137,26313,0.21338382814464,—,,—,,—,,—,,—,,-13,,-34,,-30,,-12,,-20,,27,,34,,27,,29,,20,,23,,14,,11,,0,,-7,,-1,,-4,,-6,
,,,,,,,,,,,,,,,,,,,,,,,,,,,,,,,,,,,,,,,,,,,,,,,,,,20067,0.16945617294376,18854,0.166504760054401,19563,0.157757223382551,22723,0.183951686675787,22052,0.173907557392175,20147,0.159499342907358,22062,0.164018764543636,23976,0.180577522707759,22606,0.170270779196324,22548,0.17060750739617,20991,0.149887536149095,21949,0.157426268074363,21909,0.165093024482507,21212,0.167512970962418,19349,0.145147255187313,18937,0.147405210595552,19459,0.156974258448085,18796,0.147519110929725,18452,0.140551328047043,24197,0.183851016624624,23723,0.180344069999924,23088,0.170061062292377,22552,0.160392589168237,24910,0.175771602760412,22982,0.181805236927458,21281,0.183048194118305,22095,0.17584840188463,22695,0.194443016501311,22291,0.212978798620334,21565,0.209623329283111,24235,0.206285164662121,24153,0.209810802828402,26161,0.229323538951078,25075,0.218381494835484,24708,0.207682609061108,25135,0.211485065208246,25173,0.214420783645656,25908,0.220238702438029,25911,0.210123831226229,—,,—,,—,,—,,—,,-5,,-17,,-12,,1,,-1,,19,,14,,16,,21,,10,,16,,7,,4,,-3,,-10,,-6,,-4,,-2,
,,,,,,,,,,,,,,,,,,,,,,,,,,,,,,,,,,,,,,,,,,,,,,,,,,—,,—,,—,,—,,—,,—,,—,,—,,—,,—,,—,,—,,—,,—,,—,,—,,—,,—,,—,,—,,—,,—,,—,,—,,—,,—,,—,,—,,—,,—,,—,,—,,24053,0.210845116103753,25095,0.218555677483409,24467,0.205656888291166,23828,0.200488010096761,24290,0.206899488926746,25750,0.218895576184161,25899,0.210026517885381,—,,—,,—,,—,,—,,9,,-2,,-2,,0,,-2,,7,,10,,9,,6,,2,,3,,-3,,3,,0,,9,,13,,8,,11,
,,,,,,,,,,,,,,,,,,,,,,,,,,,,,,,,,,,,,,,,,,,,,,,,,,1952,0.0164837020773518,1995,0.0176183831711323,2619,0.0211197754965445,3174,0.0256947873744202,3186,0.0251255885113128,3271,0.0258957835235999,2984,0.0221843891486815,3101,0.0233554762227545,3177,0.0239294994915829,3205,0.024250357513071,3218,0.0229783283944446,3404,0.0244147349093413,3657,0.0275569487668322,3860,0.0304827488174115,3596,0.0269755299836466,3829,0.0298048556461092,3848,0.0310415204536838,4088,0.0320843863311724,3995,0.0304304441549934,4238,0.0322007111813512,3958,0.0300890203203515,4340,0.0319674727282102,4183,0.0297500088901533,4316,0.0304548469495759,4293,0.0339609208132268,4749,0.0408484504425464,4446,0.0353845664077423,4704,0.0403022670025189,4578,0.043740385809694,4528,0.0440145808019441,4381,0.0372905016044875,4705,0.0408711061693219,—,,—,,—,,—,,—,,—,,—,,—,,—,,—,,—,,—,,3,,-25,,-6,,1,,-6,,22,,6,,7,,14,,8,,15,,2,,-1,,-6,,-11,,0,,8,,9,
,,,,,,,,,,,,,,,,,,,,,,,,,,,,,,,,,,,,,,,,,,,,,,,,,,11999,0.101325789562574,11481,0.101391808114171,12544,0.10115557992694,12031,0.0973957110591207,13333,0.105147354557857,13325,0.105491077790269,13956,0.103755139061327,13619,0.102572792866073,14568,0.109727714382556,14953,0.113140591542262,14855,0.106073047948874,15166,0.108776107413358,16045,0.120905453367192,16793,0.132615751526112,17608,0.132087077850959,17649,0.137379445625015,18601,0.150052838346926,19069,0.149661732619649,18541,0.141229252835478,17752,0.134881317812965,18814,0.14302547455965,18850,0.138844898831051,19159,0.136261157142349,18696,0.131923961670359,18209,0.144047148168658,18676,0.160641326692987,17697,0.140845855087228,17124,0.146712589317843,17272,0.165024889406954,16841,0.163703523693803,16719,0.142309951226986,16132,0.140134470717003,—,,—,,—,,—,,—,,—,,—,,—,,—,,—,,—,,—,,4,,-9,,-1,,15,,11,,23,,5,,11,,14,,9,,20,,10,,8,,3,,-6,,1,,0,,1,
,,,,,,,,,,,,,,,,,,,,,,,,,,,,,,,,,,,,,,,,,,,,,,,,,,13123,0.110817429488262,12842,0.113411166257484,13479,0.108695476868241,12429,0.100617678726108,13863,0.109327066394328,15957,0.126328039647228,15687,0.116624166412656,14840,0.111768870411376,15105,0.11377245508982,17001,0.128636607825186,17746,0.12671641258167,16971,0.121722228597659,17688,0.133286111508813,18455,0.145740707105008,17772,0.133317330052661,17009,0.132397699055803,18759,0.151327412211708,19813,0.155500965357025,19665,0.149790909714129,19523,0.148337537610552,20425,0.15527242042526,22592,0.166407636837725,22859,0.162576010810426,22178,0.156493882216797,20168,0.159544339846531,19334,0.166301103570476,19280,0.153444543486566,17120,0.146678318682637,17041,0.162817805719309,16904,0.164315917375456,17552,0.149400338772418,17082,0.148386872600288,—,,—,,—,,—,,—,,—,,—,,—,,—,,—,,—,,—,,-24,,-29,,-31,,-21,,-19,,15,,37,,36,,49,,16,,15,,8,,-1,,-13,,-20,,-6,,-23,,-21,
,,,,,,,,,,,,,,,,,,,,,,,,,,,,,,,,,,,,,,,,,,,,,,,,,,15276,0.128998479986489,17322,0.152975254782133,18411,0.148467425225995,19077,0.154435872319412,18791,0.148190500224758,20177,0.159736846271989,20489,0.152324379781279,20001,0.150639432418998,19039,0.143403758520694,19726,0.149255086521946,19961,0.142532757328002,19641,0.140872446637595,19029,0.143391079596404,19987,0.157839041609742,19513,0.146377507389015,19748,0.153718017576225,19576,0.15791808846188,19656,0.154268761674541,19305,0.147048742030575,20037,0.15224295656931,19940,0.151585413134868,21320,0.157038368333051,21192,0.150720102414566,21175,0.149416446746355,19048,0.150684281306859,20986,0.180510756156513,19915,0.158498344581689,19122,0.163830771603352,18708,0.178745115274739,19226,0.186886998784933,19566,0.166543244554531,19559,0.169903924668601,—,,—,,—,,—,,—,,—,,—,,—,,—,,—,,—,,—,,—,,—,,—,,—,,—,,—,,—,,—,,—,,—,,—,,—,,—,,—,,—,,—,,—,,—,
,,,,,,,,,,,,,,,,,,,,,,,,,,,,,,,,,,,,,,,,,,,,,,,,,,,,,,,,,,,,,,,,,,,,,,,,,,,,,,,,,,,,,,,,,,,,,,,,,,,,,,,,,,,,,,,,,,,,,,,,,,,,,,,,,,—,,—,,—,,—,,—,,—,,—,,—,,—,,—,,—,,—,,—,,—,,—,,—,,—,,—,,—,,—,,—,,—,
,,,,,,,,,,,,,,,,,,,,,,,,,,,,,,,,,,,,,,,,,,,,,,,,,,,,,,,,,,,,,,,,,,,,,,,,,,,,,,,,,,,,,,,,,,,,,,,,,,,,,,,,,,,,,,,,,,,,,,,,,,,,,,,,,,—,,—,,—,,—,,—,,—,,—,,—,,—,,—,,—,,—,,—,,—,,—,,—,,—,,—,,—,,—,,—,,—,
,,,,,,,,,,,,,,,,,,,,,,,,,,,,,,,,,,,,,,,,,,,,,,,,,,,,,,,,,,,,,,,,,,,,,,,,,,,,,,,,,,,,,,,,,,,,,,,,,,,,,,,,,,,,,,,,,,,,,,,,,,,,,,,,,,—,,—,,—,,—,,—,,—,,—,,—,,—,,—,,—,,—,,—,,—,,—,,—,,—,,—,,—,,—,,—,,—,
,,,,,,,,,,,,,,,,,,,,,,,,,,,,,,,,,,,,,,,,,,,,,,,,,,,,,,,,,,,,,,,,,,,,,,,,,,,,,,,,,,,,,,,,,,,,,,,,,,,,,,,,,,,,,,,,,,,,,,,,,,,,,,,,,,—,,—,,0,,—,,-7,,6,,7,,0,,1,,-16,,25,,29,,19,,15,,-30,,1,,-5,,-8,,100,,-13,,4,,-6,
,,,,,,,,,,,,,,,,,,,,,,,,,,,,,,,,,,,,,,,,,,,,,,,,,,,,,,,,,,,,,,,,,,,,,,,,,,,,,,,,,,,,,,,,,,,,,,,,,,,,,,,,,,,,,,,,,,,,,,,,,,,,,,,,,,—,,—,,—,,—,,—,,—,,—,,—,,—,,—,,—,,—,,—,,—,,—,,—,,—,,—,,-13,,—,,—,,—,
,,,,,,,,,,,,,,,,,,,,,,,,,,,,,,,,,,,,,,,,,,,,,,,,,,,,,,,,,,,,,,,,,,,,,,,,,,,,,,,,,,,,,,,,,,,,,,,,,,,,,,,,,,,,,,,,,,,,,,,,,,,,,,,,,,—,,—,,—,,—,,—,,-16,,-14,,—,,—,,71,,74,,—,,—,,4,,7,,-7,,—,,—,,-33,,—,,—,,—,
,,,,,,,,,,,,,,,,,,,,,,,,,,,,,,,,,,,,,,,,,,,,,,,,,,,,,,,,,,,,,,,,,,,,,,,,,,,,,,,,,,,,,,,,,,,,,,,,,,,,,,,,,,,,,,,,,,,,,,,,,,,,,,,,,,—,,—,,—,,—,,—,,-32,,-13,,—,,—,,20,,-6,,—,,—,,29,,27,,29,,—,,—,,-2,,—,,—,,—,
,,,,,,,,,,,,,,,,,,,,,,,,,,,,,,,,,,,,,,,,,,,,,,,,,,,,,,,,,,,,,,,,,,,,,,,,,,,,,,,,,,,,,,,,,,,,,,,,,,,,,,,,,,,,,,,,,,,,,,,,,,,,,,,,,,-752,,-808,,-935,,-767,,-807,,-792,,-695,,-633,,-536,,-655,,-755,,-982,,-848,,-797,,-1045,,-1172,,-772,,-1607,,-975,,-1024,,-797,,-902,
,,,,,,,,,,,,,,,,,,,,,,,,,,,,,,,,,,,,,,,,,,,,,,,,,,,,,,,,,,,,,,,,,,,,,,,,,,,,,,,,,,,,,,,,,,,,,,,,,,,,,,,,,,,,,,,,,,,,,,,,,,,,,,,,,,-110,0.146276595744681,-68,0.0841584158415842,-66,0.0705882352941176,-11,0.0143415906127771,-97,0.120198265179678,-87,0.109848484848485,-37,0.0532374100719424,-68,0.107424960505529,-73,0.136194029850746,-50,0.0763358778625954,-23,0.0304635761589404,-155,0.157841140529532,-130,0.153301886792453,-35,0.0439146800501882,-129,0.123444976076555,-294,0.250853242320819,-86,0.11139896373057,-131,0.0815183571873055,-96,0.0984615384615385,-83,0.0810546875,-94,0.117942283563363,-2,0.00221729490022173
,,,,,,,,,,,,,,,,,,,,,,,,,,,,,,,,,,,,,,,,,,,,,,,,,,,,,,,,,,,,,,,,,,,,,,,,,,,,,,,,,,,,,,,,,,,,,,,,,,,,,,,,,,,,,,,,,,,,,,,,,,,,,,,,,,-126,0.167553191489362,-109,0.13490099009901,-114,0.12192513368984,-191,0.249022164276402,-109,0.135068153655514,-103,0.130050505050505,-147,0.211510791366906,-144,0.227488151658768,-59,0.110074626865672,-113,0.172519083969466,-105,0.139072847682119,-226,0.230142566191446,-98,0.115566037735849,-150,0.188205771643664,-155,0.148325358851675,-181,0.154436860068259,-86,0.11139896373057,-219,0.13627878033603,-177,0.181538461538462,-268,0.26171875,-78,0.0978670012547051,-125,0.138580931263858
,,,,,,,,,,,,,,,,,,,,,,,,,,,,,,,,,,,,,,,,,,,,,,,,,,,,,,,,,,,,,,,,,,,,,,,,,,,,,,,,,,,,,,,,,,,,,,,,,,,,,,,,,,,,,,,,,,,,,,,,,,,,,,,,,,-100,0.132978723404255,-80,0.099009900990099,-60,0.0641711229946524,-117,0.152542372881356,-81,0.100371747211896,-63,0.0795454545454545,-90,0.129496402877698,-98,0.154818325434439,-48,0.0895522388059701,-62,0.0946564885496183,-63,0.0834437086092715,-159,0.161914460285132,-70,0.0825471698113208,-89,0.111668757841907,-69,0.0660287081339713,-48,0.0409556313993174,-23,0.0297927461139896,-57,0.0354698195395146,-84,0.0861538461538462,-98,0.095703125,-40,0.0501882057716437,-52,0.057649667405765
,,,,,,,,,,,,,,,,,,,,,,,,,,,,,,,,,,,,,,,,,,,,,,,,,,,,,,,,,,,,,,,,,,,,,,,,,,,,,,,,,,,,,,,,,,,,,,,,,,,,,,,,,,,,,,,,,,,,,,,,,,,,,,,,,,-26,0.0345744680851064,-29,0.0358910891089109,-54,0.0577540106951872,-74,0.0964797913950456,-28,0.0346964064436183,-40,0.0505050505050505,-57,0.0820143884892086,-46,0.0726698262243286,-11,0.0205223880597015,-51,0.0778625954198473,-42,0.0556291390728477,-67,0.0682281059063136,-28,0.0330188679245283,-61,0.0765370138017566,-86,0.0822966507177034,-133,0.113481228668942,-63,0.0816062176165803,-162,0.100808960796515,-93,0.0953846153846154,-170,0.166015625,-38,0.0476787954830615,-73,0.0809312638580931
,,,,,,,,,,,,,,,,,,,,,,,,,,,,,,,,,,,,,,,,,,,,,,,,,,,,,,,,,,,,,,,,,,,,,,,,,,,,,,,,,,,,,,,,,,,,,,,,,,,,,,,,,,,,,,,,,,,,,,,,,,,,,,,,,,-94,0.125,-128,0.158415841584158,-197,0.210695187165775,-191,0.249022164276402,-103,0.127633209417596,-61,0.077020202020202,-46,0.0661870503597122,-59,0.0932069510268562,-75,0.139925373134328,-18,0.0274809160305344,-99,0.13112582781457,-77,0.0784114052953157,-239,0.281839622641509,-106,0.132998745294856,-263,0.251674641148325,-192,0.16382252559727,-136,0.176165803108808,-302,0.187927815805849,-181,0.185641025641026,-245,0.2392578125,-246,0.308657465495609,-289,0.32039911308204
,,,,,,,,,,,,,,,,,,,,,,,,,,,,,,,,,,,,,,,,,,,,,,,,,,,,,,,,,,,,,,,,,,,,,,,,,,,,,,,,,,,,,,,,,,,,,,,,,,,,,,,,,,,,,,,,,,,,,,,,,,,,,,,,,,-405,0.538563829787234,-486,0.601485148514851,-535,0.572192513368984,-527,0.687092568448501,-480,0.594795539033457,-524,0.661616161616162,-448,0.644604316546763,-335,0.529225908372828,-329,0.613805970149254,-456,0.69618320610687,-528,0.699337748344371,-495,0.504073319755601,-381,0.449292452830189,-506,0.634880803011292,-498,0.476555023923445,-505,0.430887372013652,-464,0.601036269430052,-955,0.594275046670815,-521,0.534358974358974,-428,0.41796875,-379,0.475533249686324,-486,0.53880266075388
,,,,,,,,,,,,,,,,,,,,,,,,,,,,,,,,,,,,,,,,,,,,,,,,,,,,,,,,,,,,,,,,,,,,,,,,,,,,,,,,,,,,,,,,,,,,,,,,,,,,,,,,,,,,,,,,,,,,,,,,,,,,,,,,,,-48,0.0638297872340425,-74,0.0915841584158416,-81,0.0866310160427807,-68,0.0886571056062582,-61,0.0755885997521685,-78,0.0984848484848485,-49,0.0705035971223022,-37,0.0584518167456556,-43,0.0802238805970149,-57,0.0870229007633588,-56,0.0741721854304636,-69,0.0702647657841141,-44,0.0518867924528302,-54,0.067754077791719,-62,0.0593301435406699,-56,0.0477815699658703,-48,0.0621761658031088,-99,0.0616054760423149,-53,0.0543589743589744,-42,0.041015625,-35,0.0439146800501882,-55,0.0609756097560976
,,,,,,,,,,,,,,,,,,,,,,,,,,,,,,,,,,,,,,,,,,,,,,,,,,,,,,,,,,,,,,,,,,,,,,,,,,,,,,,,,,,,,,,,,,,,,,,,,,,,,,,,,,,,,,,,,,,,,,,,,,,,,,,,,,-142,0.188829787234043,-139,0.172029702970297,-137,0.146524064171123,-143,0.186440677966102,-141,0.174721189591078,-141,0.178030303030303,-111,0.159712230215827,-78,0.123222748815166,-101,0.188432835820896,-132,0.201526717557252,-134,0.177483443708609,-104,0.105906313645621,-113,0.133254716981132,-150,0.188205771643664,-142,0.135885167464115,-32,0.0273037542662116,-142,0.183937823834197,-287,0.178593652769135,-161,0.165128205128205,-6,0.005859375,-124,0.155583437892095,-125,0.138580931263858
,,,,,,,,,,,,,,,,,,,,,,,,,,,,,,,,,,,,,,,,,,,,,,,,,,,,,,,,,,,,,,,,,,,,,,,,,,,,,,,,,,,,,,,,,,,,,,,,,,,,,,,,,,,,,,,,,,,,,,,,,,,,,,,,,,-112,0.148936170212766,-102,0.126237623762376,-114,0.12192513368984,-99,0.129074315514993,-135,0.16728624535316,-136,0.171717171717172,-144,0.207194244604317,-92,0.145339652448657,-92,0.171641791044776,-121,0.184732824427481,-121,0.160264900662252,-173,0.176171079429735,-111,0.130896226415094,-125,0.156838143036386,-110,0.105263157894737,-198,0.168941979522184,-120,0.155440414507772,-239,0.148724331051649,-128,0.131282051282051,-198,0.193359375,-100,0.125470514429109,-130,0.144124168514412
,,,,,,,,,,,,,,,,,,,,,,,,,,,,,,,,,,,,,,,,,,,,,,,,,,,,,,,,,,,,,,,,,,,,,,,,,,,,,,,,,,,,,,,,,,,,,,,,,,,,,,,,,,,,,,,,,,,,,,,,,,,,,,,,,,-103,0.136968085106383,-171,0.211633663366337,-203,0.217112299465241,-217,0.282920469361147,-143,0.177199504337051,-169,0.213383838383838,-144,0.207194244604317,-128,0.202211690363349,-93,0.173507462686567,-146,0.222900763358779,-217,0.287417218543046,-149,0.15173116089613,-113,0.133254716981132,-177,0.222082810539523,-184,0.176076555023923,-219,0.186860068259386,-154,0.199481865284974,-330,0.205351586807716,-179,0.183589743589744,-182,0.177734375,-120,0.150564617314931,-176,0.195121951219512
,,,,,,,,,,,,,,,,,,,,,,,,,,,,,,,,,,,,,,,,,,,,,,,,,,,,,,,,,,,,,,,,,,,,,,,,,,,,,,,,,,,,,,,,,,,,,,,,,,,,,,,,,,,,,,,,,,,,,,,,,,,,,,,,,,-17,0.0226063829787234,-17,0.021039603960396,-23,0.0245989304812834,-38,0.0495436766623207,-18,0.0223048327137546,-17,0.0214646464646465,-17,0.0244604316546763,-27,0.042654028436019,—,,-18,0.0274809160305344,—,,-29,0.0295315682281059,—,,—,,—,,0,,—,,—,,—,,—,,—,,—,
,,,,,,,,,,,,,,,,,,,,,,,,,,,,,,,,,,,,,,,,,,,,,,,,,,,,,,,,,,,,,,,,,,,,,,,,,,,,,,,,,,,,,,,,,,,,,,,,,,,,,,,,,,,,,,,,,,,,,,,,,,,,,,,,,,2087,1.0,2137,1.0,2129,1.0,1993,1.0,1940,1.0,1718,1.0,2044,1.0,2051,1.0,1927,1.0,—,,2044,1.0,1972,1.0,2006,1.0,2065,1.0,2110,1.0,1988,1.0,1977,1.0,2027,1.0,2052,1.0,2056,1.0,1967,1.0,2037,1.0
,,,,,,,,,,,,,,,,,,,,,,,,,,,,,,,,,,,,,,,,,,,,,,,,,,,,,,,,,,,,,,,,,,,,,,,,,,,,,,,,,,,,,,,,,,,,,,,,,,,,,,,,,,,,,,,,,,,,,,,,,,,,,,,,,,2087,1.0,2137,1.0,2129,1.0,1993,1.0,1940,1.0,1718,1.0,2044,1.0,2051,1.0,1927,1.0,—,,2044,1.0,1972,1.0,2006,1.0,2065,1.0,2110,1.0,1988,1.0,1977,1.0,2027,1.0,2052,1.0,2056,1.0,1967,1.0,2037,1.0
,,,,,,,,,,,,,,,,,,,,,,,,,,,,,,,,,,,,,,,,,,,,,,,,,,,,,,,,,,,,,,,,,,,,,,,,,,,,,,,,,,,,,,,,,,,,,,,,,,,,,,,,,,,,,,,,,,,,,,,,,,,,,,,,,,1041,0.498802108289411,1041,0.487131492746841,1011,0.474870831376233,967,0.485198193677873,917,0.472680412371134,803,0.467403958090803,1066,0.521526418786693,1055,0.514383227693808,976,0.50648676699533,—,,975,0.477005870841487,910,0.461460446247465,947,0.472083748753739,997,0.482808716707022,1009,0.478199052132701,941,0.473340040241449,934,0.472432979261507,962,0.474592994573261,973,0.474171539961014,979,0.476167315175097,946,0.480935434672089,1016,0.498772704958272
,,,,,,,,,,,,,,,,,,,,,,,,,,,,,,,,,,,,,,,,,,,,,,,,,,,,,,,,,,,,,,,,,,,,,,,,,,,,,,,,,,,,,,,,,,,,,,,,,,,,,,,,,,,,,,,,,,,,,,,,,,,,,,,,,,831,0.398179204599904,823,0.385119326158166,789,0.370596524189761,759,0.380832915203211,709,0.365463917525773,724,0.421420256111758,863,0.422211350293542,853,0.415894685519259,796,0.413077322262584,—,,809,0.395792563600783,728,0.369168356997972,757,0.377367896311067,805,0.389830508474576,811,0.38436018957346,743,0.37374245472837,734,0.371269600404654,749,0.369511593487913,763,0.371832358674464,782,0.380350194552529,739,0.375699034062023,798,0.391752577319588
,,,,,,,,,,,,,,,,,,,,,,,,,,,,,,,,,,,,,,,,,,,,,,,,,,,,,,,,,,,,,,,,,,,,,,,,,,,,,,,,,,,,,,,,,,,,,,,,,,,,,,,,,,,,,,,,,,,,,,,,,,,,,,,,,,210,0.100622903689506,218,0.102012166588676,222,0.104274307186473,208,0.104365278474661,208,0.107216494845361,79,0.0459837019790454,203,0.0993150684931507,202,0.098488542174549,180,0.0934094447327452,—,,166,0.0812133072407045,182,0.0922920892494929,190,0.094715852442672,192,0.0929782082324455,198,0.0938388625592417,198,0.0995975855130785,200,0.101163378856854,213,0.105081401085348,210,0.10233918128655,197,0.0958171206225681,207,0.105236400610066,218,0.107020127638684
,,,,,,,,,,,,,,,,,,,,,,,,,,,,,,,,,,,,,,,,,,,,,,,,,,,,,,,,,,,,,,,,,,,,,,,,,,,,,,,,,,,,,,,,,,,,,,,,,,,,,,,,,,,,,,,,,,,,,,,,,,,,,,,,,,531,0.254432199329181,568,0.265793167992513,570,0.267731329262565,530,0.265930757651781,546,0.281443298969072,468,0.272409778812573,480,0.234833659491194,498,0.242808386153096,485,0.251686559418786,—,,549,0.268590998043053,538,0.272819472616633,537,0.267696909272183,570,0.276029055690073,569,0.269668246445498,539,0.27112676056338,536,0.271117855336368,573,0.282683769116922,569,0.27729044834308,555,0.269941634241245,541,0.275038129130656,555,0.272459499263623
,,,,,,,,,,,,,,,,,,,,,,,,,,,,,,,,,,,,,,,,,,,,,,,,,,,,,,,,,,,,,,,,,,,,,,,,,,,,,,,,,,,,,,,,,,,,,,,,,,,,,,,,,,,,,,,,,,,,,,,,,,,,,,,,,,180,0.0862482031624341,199,0.0931211979410388,200,0.0939408172851104,165,0.0827897641746111,174,0.0896907216494845,162,0.0942956926658906,156,0.076320939334638,154,0.0750853242320819,146,0.0757654385054489,—,,188,0.0919765166340509,181,0.0917849898580122,182,0.0907278165503489,205,0.099273607748184,202,0.0957345971563981,196,0.0985915492957746,188,0.0950935761254426,210,0.103601381351751,206,0.100389863547758,189,0.0919260700389105,170,0.0864260294865277,184,0.0903289150711831
,,,,,,,,,,,,,,,,,,,,,,,,,,,,,,,,,,,,,,,,,,,,,,,,,,,,,,,,,,,,,,,,,,,,,,,,,,,,,,,,,,,,,,,,,,,,,,,,,,,,,,,,,,,,,,,,,,,,,,,,,,,,,,,,,,148,0.0709151892668903,157,0.0734674777725784,158,0.0742132456552372,148,0.0742599096838936,154,0.0793814432989691,141,0.0820721769499418,144,0.0704500978473581,148,0.0721599219892735,140,0.0726517903476907,—,,153,0.074853228962818,157,0.0796146044624746,160,0.0797607178464606,161,0.0779661016949153,165,0.0781990521327014,152,0.0764587525150905,157,0.0794132524026303,164,0.0809077454366058,163,0.0794346978557505,161,0.0783073929961089,164,0.083375699034062,169,0.0829651448208149
,,,,,,,,,,,,,,,,,,,,,,,,,,,,,,,,,,,,,,,,,,,,,,,,,,,,,,,,,,,,,,,,,,,,,,,,,,,,,,,,,,,,,,,,,,,,,,,,,,,,,,,,,,,,,,,,,,,,,,,,,,,,,,,,,,147,0.0704360325826545,156,0.0729995320542817,157,0.0737435415688116,164,0.0822880080280983,162,0.0835051546391752,115,0.0669383003492433,125,0.0611545988258317,137,0.0667966845441248,139,0.0721328489880644,—,,145,0.0709393346379648,137,0.06947261663286,131,0.0653040877367896,141,0.0682808716707022,140,0.0663507109004739,140,0.0704225352112676,139,0.0703085483055134,144,0.0710409472126295,146,0.0711500974658869,153,0.0744163424124514,154,0.0782918149466192,147,0.0721649484536082
,,,,,,,,,,,,,,,,,,,,,,,,,,,,,,,,,,,,,,,,,,,,,,,,,,,,,,,,,,,,,,,,,,,,,,,,,,,,,,,,,,,,,,,,,,,,,,,,,,,,,,,,,,,,,,,,,,,,,,,,,,,,,,,,,,56,0.0268327743172017,56,0.0262049602246139,55,0.0258337247534054,53,0.0265930757651781,56,0.0288659793814433,50,0.0291036088474971,55,0.0269080234833659,59,0.0287664553876158,60,0.0311364815775817,—,,63,0.0308219178082192,63,0.031947261663286,64,0.0319042871385842,63,0.0305084745762712,62,0.0293838862559242,52,0.0261569416498994,52,0.026302478502782,55,0.0271336951159349,54,0.0263157894736842,52,0.0252918287937743,53,0.0269445856634469,55,0.0270004909180167
,,,,,,,,,,,,,,,,,,,,,,,,,,,,,,,,,,,,,,,,,,,,,,,,,,,,,,,,,,,,,,,,,,,,,,,,,,,,,,,,,,,,,,,,,,,,,,,,,,,,,,,,,,,,,,,,,,,,,,,,,,,,,,,,,,515,0.246765692381409,528,0.247075339260646,548,0.257397839361202,496,0.248871048670346,477,0.245876288659794,447,0.260186263096624,498,0.243639921722114,498,0.242808386153096,466,0.241826673585885,—,,520,0.25440313111546,524,0.265720081135903,522,0.260219341974078,498,0.241162227602906,532,0.252132701421801,508,0.255533199195171,507,0.256449165402124,492,0.242723236309817,510,0.248538011695906,522,0.253891050583658,480,0.244026436197255,466,0.228767795778105
,,,,,,,,,,,,,,,,,,,,,,,,,,,,,,,,,,,,,,,,,,,,,,,,,,,,,,,,,,,,,,,,,,,,,,,,,,,,,,,,,,,,,,,,,,,,,,,,,,,,,,,,,,,,,,,,,,,,,,,,,,,,,,,,,,169,0.0809774796358409,178,0.0832943378568086,181,0.0850164396430249,180,0.0903161063723031,175,0.0902061855670103,167,0.0972060535506403,187,0.0914872798434442,216,0.105314480741102,203,0.105345096004152,—,,185,0.0905088062622309,213,0.108012170385396,205,0.102193419740778,195,0.0944309927360775,190,0.0900473933649289,208,0.104627766599598,202,0.102175012645422,197,0.0971879625061668,183,0.0891812865497076,216,0.105058365758755,210,0.106761565836299,200,0.0981836033382425
,,,,,,,,,,,,,,,,,,,,,,,,,,,,,,,,,,,,,,,,,,,,,,,,,,,,,,,,,,,,,,,,,,,,,,,,,,,,,,,,,,,,,,,,,,,,,,,,,,,,,,,,,,,,,,,,,,,,,,,,,,,,,,,,,,256,0.122664111164351,244,0.114178755264389,271,0.127289807421325,226,0.113396889111892,208,0.107216494845361,186,0.108265424912689,213,0.104207436399217,190,0.0926377376889322,174,0.090295796574987,—,,232,0.113502935420744,215,0.109026369168357,225,0.112163509471585,202,0.0978208232445521,243,0.115165876777251,215,0.108148893360161,216,0.109256449165402,203,0.10014800197336,231,0.112573099415205,217,0.105544747081712,177,0.0899847483477377,158,0.0775650466372116
,,,,,,,,,,,,,,,,,,,,,,,,,,,,,,,,,,,,,,,,,,,,,,,,,,,,,,,,,,,,,,,,,,,,,,,,,,,,,,,,,,,,,,,,,,,,,,,,,,,,,,,,,,,,,,,,,,,,,,,,,,,,,,,,,,43,0.020603737422137,54,0.0252690687880206,48,0.0225457961484265,45,0.0225790265930758,46,0.0237113402061856,53,0.0308498253783469,50,0.0244618395303327,44,0.0214529497805948,44,0.0228334198235599,—,,55,0.0269080234833659,48,0.024340770791075,45,0.0224327018943171,53,0.0256658595641647,51,0.0241706161137441,41,0.0206237424547284,45,0.0227617602427921,48,0.0236803157375432,51,0.0248538011695906,47,0.0228599221789883,47,0.0238942552109812,62,0.0304369170348552
,,,,,,,,,,,,,,,,,,,,,,,,,,,,,,,,,,,,,,,,,,,,,,,,,,,,,,,,,,,,,,,,,,,,,,,,,,,,,,,,,,,,,,,,,,,,,,,,,,,,,,,,,,,,,,,,,,,,,,,,,,,,,,,,,,47,0.02252036415908,52,0.0243331773514272,48,0.0225457961484265,45,0.0225790265930758,48,0.0247422680412371,41,0.0238649592549476,48,0.0234833659491194,48,0.0234032179424671,45,0.0233523611831863,—,,48,0.0234833659491194,48,0.024340770791075,47,0.0234297108673978,48,0.0232445520581114,48,0.0227488151658768,44,0.0221327967806841,44,0.0222559433485078,44,0.0217069560927479,45,0.0219298245614035,42,0.0204280155642023,46,0.0233858668022369,46,0.0225822287677958
,,,,,,,,,,,,,,,,,,,,,,,,,,,,,,,,,,,,,,,,,,,,,,,,,,,,,,,,,,,,,,,,,,,,,,,,,,,,,,,,,,,,,,,,,,,,,,,,,,,,,,,,,,,,,,,,,,,,,,,,,,,,,,,,,,—,,—,,—,,—,,—,,—,,—,,—,,—,,—,,—,,—,,—,,—,,—,,—,,—,,—,,—,,—,,—,,—,
,,,,,,,,,,,,,,,,,,,,,,,,,,,,,,,,,,,,,,,,,,,,,,,,,,,,,,,,,,,,,,,,,,,,,,,,,,,,,,,,,,,,,,,,,,,,,,,,,,,,,,,,,,,,,,,,,,,,,,,,,,,,,,,,,,—,,—,,—,,—,,—,,—,,—,,—,,—,,—,,—,,—,,—,,—,,—,,—,,—,,—,,—,,—,,—,,—,
,,,,,,,,,,,,,,,,,,,,,,,,,,,,,,,,,,,,,,,,,,,,,,,,,,,,,,,,,,,,,,,,,,,,,,,,,,,,,,,,,,,,,,,,,,,,,,,,,,,,,,,,,,,,,,,,,,,,,,,,,,,,,,,,,,—,,—,,—,,—,,—,,—,,—,,—,,—,,—,,—,,—,,—,,—,,—,,—,,—,,—,,—,,—,,—,,—,
,,,,,,,,,,,,,,,,,,,,,,,,,,,,,,,,,,,,,,,,,,,,,,,,,,,,,,,,,,,,,,,,,,,,,,,,,,,,,,,,,,,,,,,,,,,,,,,,,,,,,,,,,,,,,,,,,,,,,,,,,,,,,,,,,,—,,—,,—,,—,,—,,—,,—,,—,,—,,—,,—,,—,,—,,—,,—,,—,,—,,—,,—,,—,,—,,—,
,,,,,,,,,,,,,,,,,,,,,,,,,,,,,,,,,,,,,,,,,,,,,,,,,,,,,,,,,,,,,,,,,,,,,,,,,,,,,,,,,,,,,,,,,,,,,,,,,,,,,,,,,,,,,,,,,,,,,,,,,,,,,,,,,,106650,1.0,108744,1.0,108107,1.0,99932,1.0,99683,1.0,85914,1.0,97913,1.0,101466,1.0,97364,1.0,—,,104314,1.0,104840,1.0,107192,1.0,103385,1.0,107248,1.0,102927,1.0,103826,1.0,101498,1.0,103032,1.0,104943,1.0,101265,1.0,99992,1.0
,,,,,,,,,,,,,,,,,,,,,,,,,,,,,,,,,,,,,,,,,,,,,,,,,,,,,,,,,,,,,,,,,,,,,,,,,,,,,,,,,,,,,,,,,,,,,,,,,,,,,,,,,,,,,,,,,,,,,,,,,,,,,,,,,,106650,1.0,108744,1.0,108107,1.0,99932,1.0,99683,1.0,85914,1.0,97913,1.0,101466,1.0,97364,1.0,—,,104314,1.0,104840,1.0,107192,1.0,103385,1.0,107248,1.0,102927,1.0,103826,1.0,101498,1.0,103032,1.0,104943,1.0,101265,1.0,99992,1.0
,,,,,,,,,,,,,,,,,,,,,,,,,,,,,,,,,,,,,,,,,,,,,,,,,,,,,,,,,,,,,,,,,,,,,,,,,,,,,,,,,,,,,,,,,,,,,,,,,,,,,,,,,,,,,,,,,,,,,,,,,,,,,,,,,,49899,0.467876230661041,50049,0.460246082542485,51477,0.47616713071309,44875,0.449055357643197,43666,0.438048614106718,41298,0.480689992317899,45955,0.469345235055611,47313,0.466294128082313,45377,0.466055215480054,—,,49588,0.475372433230439,52287,0.49873140022892,53132,0.495671318755131,47389,0.458374038787058,50955,0.475113755035059,49807,0.483906069350122,50220,0.483693872440429,47189,0.464925417249601,48641,0.4720960478298,50588,0.482052161649657,47736,0.471396830099245,44609,0.446125690055204
,,,,,,,,,,,,,,,,,,,,,,,,,,,,,,,,,,,,,,,,,,,,,,,,,,,,,,,,,,,,,,,,,,,,,,,,,,,,,,,,,,,,,,,,,,,,,,,,,,,,,,,,,,,,,,,,,,,,,,,,,,,,,,,,,,16177,0.151683075480544,17244,0.158574266166409,16545,0.153042818688892,16298,0.163090901813233,16111,0.161622342826761,16242,0.18904951463091,18035,0.184194131524925,21591,0.212790491396133,20348,0.2089889486874,—,,17326,0.166094675690703,21656,0.206562380770698,21029,0.196180685125756,19459,0.188218793828892,18554,0.173000895121587,20683,0.20094824487258,20044,0.193053763026602,18858,0.185796764468265,17649,0.171296296296296,21166,0.201690441477755,20649,0.203910531773071,19995,0.199965997279782
,,,,,,,,,,,,,,,,,,,,,,,,,,,,,,,,,,,,,,,,,,,,,,,,,,,,,,,,,,,,,,,,,,,,,,,,,,,,,,,,,,,,,,,,,,,,,,,,,,,,,,,,,,,,,,,,,,,,,,,,,,,,,,,,,,26329,0.246872948898265,24855,0.228564334583977,27516,0.254525608887491,21335,0.21349517672017,20005,0.200686175175306,18188,0.211700072165188,20374,0.208082685649505,18128,0.178660832199949,17536,0.180107637319749,—,,24539,0.235241674176045,22795,0.217426554750095,24250,0.226229569370849,20558,0.198848962615466,25169,0.234680366999851,21847,0.212257230852935,22497,0.2166798297151,20864,0.205560700703462,23367,0.226793617516888,21876,0.208456018981733,18883,0.186471140078013,16351,0.163523081846548
,,,,,,,,,,,,,,,,,,,,,,,,,,,,,,,,,,,,,,,,,,,,,,,,,,,,,,,,,,,,,,,,,,,,,,,,,,,,,,,,,,,,,,,,,,,,,,,,,,,,,,,,,,,,,,,,,,,,,,,,,,,,,,,,,,4507,0.0422597280825129,4851,0.0446093577576694,4679,0.0432811936322347,4433,0.0443601649121403,4506,0.0452032944433855,3752,0.0436715785552995,4614,0.0471234667510954,4662,0.0459464254035835,4498,0.0461977733043014,—,,4685,0.0449124757942366,4651,0.0443628386112171,4702,0.043865213821927,4257,0.0411761861004981,4430,0.0413061315828733,4576,0.044458694025863,4543,0.043755899293048,4514,0.0444737827346352,4643,0.0450636695395605,4586,0.0436999132862602,4917,0.0485557695156273,4693,0.046933754700376
,,,,,,,,,,,,,,,,,,,,,,,,,,,,,,,,,,,,,,,,,,,,,,,,,,,,,,,,,,,,,,,,,,,,,,,,,,,,,,,,,,,,,,,,,,,,,,,,,,,,,,,,,,,,,,,,,,,,,,,,,,,,,,,,,,2886,0.0270604781997187,3099,0.0284981240344295,2737,0.0253175095044724,2809,0.0281091141976544,3044,0.0305368016612662,3116,0.0362688269665014,2932,0.0299449511300849,2932,0.0288963790826484,2995,0.0307608561686044,—,,3038,0.0291236075694538,3185,0.0303796260969096,3151,0.0293958504365997,3115,0.0301300962422015,2802,0.0261263613307474,2701,0.0262418995987447,3136,0.0302043804056787,2953,0.0290941693432383,2982,0.0289424644770557,2960,0.0282057879039097,3287,0.0324593887325334,3570,0.0357028562284983
,,,,,,,,,,,,,,,,,,,,,,,,,,,,,,,,,,,,,,,,,,,,,,,,,,,,,,,,,,,,,,,,,,,,,,,,,,,,,,,,,,,,,,,,,,,,,,,,,,,,,,,,,,,,,,,,,,,,,,,,,,,,,,,,,,33220,0.311486169714018,34705,0.319144044728905,33657,0.311330441137022,32405,0.324270503942681,33794,0.339014676524583,25362,0.295202178923109,27593,0.281811404001512,29962,0.295291033449628,29839,0.306468509921532,—,,32829,0.314713269551546,31746,0.302804273178176,31995,0.298483095753414,33146,0.320607438216376,33650,0.313758764732209,31114,0.302291915629524,31086,0.299404773370832,32055,0.315819030916865,32002,0.310602531252426,31548,0.300620336754238,31658,0.312625290080482,32262,0.322645811664933
,,,,,,,,,,,,,,,,,,,,,,,,,,,,,,,,,,,,,,,,,,,,,,,,,,,,,,,,,,,,,,,,,,,,,,,,,,,,,,,,,,,,,,,,,,,,,,,,,,,,,,,,,,,,,,,,,,,,,,,,,,,,,,,,,,10645,0.0998124706985467,11147,0.102506804973148,11381,0.105275329072123,12194,0.122022975623424,12046,0.120843072539952,7276,0.084689340503294,8005,0.0817562530001123,9200,0.0906707665621982,9590,0.0984963641592375,—,,9780,0.0937553923730276,9420,0.0898512018313621,9066,0.0845772072542727,9105,0.0880688687914108,9322,0.0869200358048635,9575,0.0930270968744839,9499,0.0914896076127367,9817,0.0967211176574908,9621,0.0933787561146052,10349,0.0986154388572844,10586,0.104537599367995,10229,0.102298183854708
,,,,,,,,,,,,,,,,,,,,,,,,,,,,,,,,,,,,,,,,,,,,,,,,,,,,,,,,,,,,,,,,,,,,,,,,,,,,,,,,,,,,,,,,,,,,,,,,,,,,,,,,,,,,,,,,,,,,,,,,,,,,,,,,,,9919,0.09300515705579,10260,0.0943500331052748,9224,0.0853228745594642,7772,0.0777728855621823,8533,0.0856013562994693,6402,0.0745163768419582,6536,0.0667531379898481,7091,0.0698854788796247,6876,0.0706215849800748,—,,8922,0.0855302260482773,8611,0.0821346814193056,8745,0.0815825807896112,9662,0.0934564975576728,10053,0.0937360137251977,9367,0.0910062471460355,8947,0.0861730202454106,9209,0.0907308518394451,9253,0.0898070502368196,8712,0.0830164946685343,8065,0.079642522095492,8301,0.0830166413313065
,,,,,,,,,,,,,,,,,,,,,,,,,,,,,,,,,,,,,,,,,,,,,,,,,,,,,,,,,,,,,,,,,,,,,,,,,,,,,,,,,,,,,,,,,,,,,,,,,,,,,,,,,,,,,,,,,,,,,,,,,,,,,,,,,,6812,0.0638724800750117,7215,0.066348488192452,7268,0.0672296891043133,6705,0.067095625025017,7174,0.071968139000632,6286,0.0731661894452592,7170,0.0732282740800507,7465,0.0735714426507401,7055,0.072460046834559,—,,7746,0.0742565715052629,7257,0.0692197634490652,7559,0.0705183222628554,7685,0.0743338008415147,7702,0.07181485901835,6626,0.0643757225995123,7091,0.0682969583726619,7214,0.0710752921239827,7492,0.0727152729249165,7040,0.0670840360957853,7427,0.0733422209055449,8069,0.0806964557164573
,,,,,,,,,,,,,,,,,,,,,,,,,,,,,,,,,,,,,,,,,,,,,,,,,,,,,,,,,,,,,,,,,,,,,,,,,,,,,,,,,,,,,,,,,,,,,,,,,,,,,,,,,,,,,,,,,,,,,,,,,,,,,,,,,,5844,0.0547960618846695,6083,0.0559387184580299,5784,0.0535025484011211,5734,0.0573790177320578,6041,0.06060210868453,5398,0.0628302721325977,5882,0.0600737389315004,6206,0.0611633453570654,6318,0.0648905139476603,—,,6381,0.0611710796249784,6458,0.0615986264784433,6625,0.0618049854466751,6694,0.0647482710257774,6573,0.0612878561837983,5546,0.0538828490094922,5549,0.0534451871400227,5815,0.0572917692959467,5636,0.0547014519760851,5447,0.0519043671326339,5580,0.0551029477114502,5663,0.056634530762461
,,,,,,,,,,,,,,,,,,,,,,,,,,,,,,,,,,,,,,,,,,,,,,,,,,,,,,,,,,,,,,,,,,,,,,,,,,,,,,,,,,,,,,,,,,,,,,,,,,,,,,,,,,,,,,,,,,,,,,,,,,,,,,,,,,23531,0.220637599624941,23990,0.22060987272861,22973,0.212502428149889,22652,0.226674138414122,22223,0.222936709368699,19254,0.224107828758992,24365,0.248843360942878,24191,0.238414838468058,22148,0.227476274598414,—,,21897,0.209914297218015,20807,0.198464326592903,22065,0.205845585491455,22850,0.221018522996566,22643,0.211127480232732,22006,0.213802015020354,22520,0.216901354188739,22254,0.219255551833534,22389,0.217301420917773,22807,0.217327501596105,21871,0.215977879820274,23121,0.231228498279862
,,,,,,,,,,,,,,,,,,,,,,,,,,,,,,,,,,,,,,,,,,,,,,,,,,,,,,,,,,,,,,,,,,,,,,,,,,,,,,,,,,,,,,,,,,,,,,,,,,,,,,,,,,,,,,,,,,,,,,,,,,,,,,,,,,19006,0.17820909517112,19318,0.177646582799971,18216,0.168499727122203,18257,0.182694232077813,17734,0.177903955539059,17514,0.203855017808506,20096,0.205243430392287,19854,0.195671456448466,18375,0.188724785341605,—,,18390,0.176294648848668,16977,0.161932468523464,17918,0.167157996865438,18710,0.180974029114475,18296,0.170595255855587,17622,0.171208720743828,18120,0.174522759231792,17567,0.173077302015803,17765,0.172422160105598,18438,0.175695377490638,17335,0.171184515874191,17567,0.175684054724378
,,,,,,,,,,,,,,,,,,,,,,,,,,,,,,,,,,,,,,,,,,,,,,,,,,,,,,,,,,,,,,,,,,,,,,,,,,,,,,,,,,,,,,,,,,,,,,,,,,,,,,,,,,,,,,,,,,,,,,,,,,,,,,,,,,4525,0.0424285044538209,4672,0.0429632899286397,4757,0.0440027010276855,4395,0.0439799063363087,4489,0.04503275382964,1740,0.0202528109504854,4269,0.0435999305505908,4337,0.0427433820195928,3773,0.0387514892568095,—,,3507,0.0336196483693464,3830,0.0365318580694391,4147,0.0386875886260169,4140,0.0400444938820912,4347,0.0405322243771446,4384,0.0425932942765261,4400,0.0423785949569472,4687,0.0461782498177304,4624,0.0448792608121749,4369,0.0416321241054668,4536,0.0447933639460821,4687,0.046873749899992
,,,,,,,,,,,,,,,,,,,,,,,,,,,,,,,,,,,,,,,,,,,,,,,,,,,,,,,,,,,,,,,,,,,,,,,,,,,,,,,,,,,,,,,,,,,,,,,,,,,,,,,,,,,,,,,,,,,,,,,,,,,,,,,,,,—,,—,,—,,—,,—,,—,,—,,—,,—,,—,,—,,—,,—,,—,,—,,—,,—,,—,,—,,—,,—,,—,
,,,,,,,,,,,,,,,,,,,,,,,,,,,,,,,,,,,,,,,,,,,,,,,,,,,,,,,,,,,,,,,,,,,,,,,,,,,,,,,,,,,,,,,,,,,,,,,,,,,,,,,,,,,,,,,,,,,,,,,,,,,,,,,,,,—,,—,,—,,—,,—,,—,,—,,—,,—,,—,,—,,—,,—,,—,,—,,—,,—,,—,,—,,—,,—,,—,
,,,,,,,,,,,,,,,,,,,,,,,,,,,,,,,,,,,,,,,,,,,,,,,,,,,,,,,,,,,,,,,,,,,,,,,,,,,,,,,,,,,,,,,,,,,,,,,,,,,,,,,,,,,,,,,,,,,,,,,,,,,,,,,,,,—,,—,,—,,—,,—,,—,,—,,—,,—,,—,,—,,—,,—,,—,,—,,—,,—,,—,,—,,—,,—,,—,
,,,,,,,,,,,,,,,,,,,,,,,,,,,,,,,,,,,,,,,,,,,,,,,,,,,,,,,,,,,,,,,,,,,,,,,,,,,,,,,,,,,,,,,,,,,,,,,,,,,,,,,,,,,,,,,,,,,,,,,,,,,,,,,,,,—,,—,,—,,—,,—,,—,,—,,—,,—,,—,,—,,—,,—,,—,,—,,—,,—,,—,,—,,—,,—,,—,
