Unnamed: 0,Unnamed: 1,Unnamed: 2,Unnamed: 3,Unnamed: 4,Unnamed: 5,Unnamed: 6,Unnamed: 7,Unnamed: 8,Unnamed: 9,Unnamed: 10,Unnamed: 11,Unnamed: 12,Unnamed: 13,Unnamed: 14,Unnamed: 15,Unnamed: 16,Unnamed: 17,Unnamed: 18,Unnamed: 19,Unnamed: 20,Unnamed: 21,Unnamed: 22,Unnamed: 23,Unnamed: 24,Unnamed: 25,Unnamed: 26,Unnamed: 27,Unnamed: 28,Unnamed: 29,Unnamed: 30,Unnamed: 31,Unnamed: 32,Unnamed: 33,Unnamed: 34,Unnamed: 35,Unnamed: 36,Unnamed: 37,Unnamed: 38,Unnamed: 39,Unnamed: 40,Unnamed: 41,Unnamed: 42,Unnamed: 43,Unnamed: 44,Unnamed: 45,Unnamed: 46,Unnamed: 47,Unnamed: 48,Unnamed: 49
Procter & Gamble Co/The (PG US) - By Measure,,,,,,,,,,,,,,,,,,,,,,,,,,,,,,,,,,,,,,,,,,,,,,,,,
,,,,,,,,,,,,,,,,,,,,,,,,,,,,,,,,,,,,,,,,,,,,,,,,,
date,,FY 2001,,FY 2002,,FY 2003,,FY 2004,,FY 2005,,FY 2006,,FY 2007,,FY 2008,,FY 2009,,FY 2010,,FY 2011,,FY 2012,,FY 2013,,FY 2014,,FY 2015,,FY 2016,,FY 2017,,FY 2018,,FY 2019,,FY 2020,,FY 2021,,FY 2022,,FY 2023,,FY 2024,
date,,06/30/2001,,06/30/2002,,06/30/2003,,06/30/2004,,06/30/2005,,06/30/2006,,06/30/2007,,06/30/2008,,06/30/2009,,06/30/2010,,06/30/2011,,06/30/2012,,06/30/2013,,06/30/2014,,06/30/2015,,06/30/2016,,06/30/2017,,06/30/2018,,06/30/2019,,06/30/2020,,06/30/2021,,06/30/2022,,06/30/2023,,06/30/2024,
Revenue,,39244,1.0,40238,1.0,43377,1.0,51407,1.0,56741,1.0,68222,1.0,76476,1.0,81748,1.0,76694,1.0,77567,1.0,82559,1.0,82006,1.0,80116,1.0,74401,1.0,70749,1.0,65299,1.0,65058,1.0,66832,1.0,67684,1.0,70950,1.0,76118,1.0,80187,1.0,82006,1.0,84039,1.0
  Fabric & Home Care,,11660,0.295939086294416,11618,0.28790206670962,12560,0.28709883880406,14361,0.2782762028407,15796,0.274421917617832,18918,0.274551919309194,21469,0.27723756763388,23714,0.285150848333995,23186,0.297168783563821,23805,0.301634566649772,24837,0.296334741212685,25580,0.315078954499544,23395,0.294084372485921,23506,0.319097523892268,22274,0.316918742796978,20730,0.319527721688734,20717,0.320930088454448,21441,0.323223034597121,22080,0.328571428571429,23735,0.336404223655304,26014,0.343750412939202,27556,0.346865047895976,28371,0.349220221316823,29495,0.353491772432556
"  Baby , Feminine & Family Care",,11991,0.304340101522843,11877,0.294320265649006,—,,—,,—,,—,,—,,—,,—,,—,,—,,19714,0.242825117631119,20479,0.257429102976669,20950,0.284399435273675,20247,0.288078198141798,18505,0.285232054503137,18252,0.282744411568788,18080,0.272555965930504,17806,0.264970238095238,18364,0.260279214796967,18850,0.249084926728068,19736,0.248429691728661,20217,0.24885218054923,20277,0.243015855894725
  Beauty,,—,,—,,—,,17346,0.336117193403996,19721,0.34261044804642,16687,0.24217400769175,17889,0.231007631813427,19515,0.234659644312976,18924,0.242543865270497,19491,0.246971616827167,20157,0.240496814374687,20318,0.250264823984431,19956,0.250854786806114,13401,0.18192061251086,12608,0.179389041446723,11477,0.176903987545663,11429,0.177048316886899,12406,0.187020426622447,12897,0.191919642857143,13359,0.189341648359436,14417,0.19050702326995,14740,0.185541835026371,15008,0.184734309031154,15220,0.182408705761095
  Health Care,,4353,0.110482233502538,4979,0.123383059919711,5796,0.13248605650544,5386,0.104365686825431,6078,0.105592328138844,11831,0.171700166896452,13381,0.172794070171361,—,,11288,0.144675288056086,11493,0.145628484541308,12033,0.143567900350777,7235,0.0891163501096248,7684,0.0965909090909091,7798,0.105859035621199,7713,0.10974204288377,7350,0.113291305085007,7513,0.116384985980512,7857,0.118444260194467,8218,0.122291666666667,9028,0.127956913046559,9956,0.131559126286719,10824,0.136248631093992,11226,0.138181460100196,11793,0.141336784956675
  Grooming,,—,,—,,—,,—,,—,,5114,0.0742181264059212,7437,0.0960368806415372,8254,0.0992508687757777,7408,0.0949463619701883,7631,0.0966928535225545,8025,0.0957477271100294,8339,0.102714753775281,8038,0.101040828640386,8009,0.108723392701998,7441,0.105871974730731,6815,0.105044931177459,6642,0.102892197109352,6551,0.0987563126554609,6199,0.0922470238095238,6069,0.0860180001417334,6440,0.0850985107760614,6587,0.0829147942550004,6419,0.0790118290025972,6654,0.0797468809549491
  Corporate,,-156,,-116,,-371,,-200,,-820,,-683,,-963,,-1415,,-1329,,-1353,,-1255,,820,,564,,737,,466,,422,,505,,497,,484,,395,,441,,744,,765,,600,
  Gillette,,—,,—,,—,,0,,0,,—,,—,,—,,—,,—,,—,,—,,—,,—,,—,,—,,—,,—,,—,,—,,—,,—,,—,,—,
    Blades & Razors,,—,,—,,—,,0,,0,,—,,—,,—,,—,,—,,—,,—,,—,,—,,—,,—,,—,,—,,—,,—,,—,,—,,—,,—,
    Duracell & Braun,,—,,—,,—,,0,,0,,—,,—,,—,,—,,—,,—,,—,,—,,—,,—,,—,,—,,—,,—,,—,,—,,—,,—,,—,
  Beauty and Health,,—,,—,,—,,22732,0.440482880229426,25799,0.448202776185264,—,,—,,—,,—,,—,,—,,—,,—,,—,,—,,—,,—,,—,,—,,—,,—,,—,,—,,—,
  P&G Household Care,,—,,—,,—,,28875,0.559517119770574,31762,0.551797223814736,30890,0.448298381830056,34195,0.441573367424683,37612,0.452268436684583,—,,—,,—,,—,,—,,—,,—,,—,,—,,—,,—,,—,,—,,—,,—,,—,
"    Pet Health, Snacks & Coffee",,—,,—,,—,,4020,0.0778964094018253,4314,0.0749465784124668,—,,—,,—,,—,,—,,—,,—,,—,,—,,—,,—,,—,,—,,—,,—,,—,,—,,—,,—,
"  Snacks, Coffee and Pet Care",,—,,—,,—,,—,,—,,4383,0.0636093171758218,4537,0.0585880499489921,3204,0.0385267486742902,3114,0.0399113082039911,1764,0.0223517486061835,3156,0.0376548070728041,—,,—,,—,,—,,—,,—,,—,,—,,—,,—,,—,,—,,—,
  Snacks & Beverages,,4139,0.10505076142132,3801,0.0941914060564008,3238,0.0740148121056963,—,,—,,—,,—,,—,,—,,—,,—,,—,,—,,—,,—,,—,,—,,—,,—,,—,,—,,—,,—,,—,
  Beauty Care,,7257,0.184187817258883,8079,0.200203201665262,12221,0.279349913138886,—,,—,,—,,—,,—,,—,,—,,—,,—,,—,,—,,—,,—,,—,,—,,—,,—,,—,,—,,—,,—,
  Health and Well-Being,,—,,—,,—,,—,,—,,16214,0.235309484072273,17918,0.231382120120353,17782,0.213821050226663,—,,—,,—,,—,,—,,—,,—,,—,,—,,—,,—,,—,,—,,—,,—,,—,
    Health Care,,—,,—,,—,,—,,—,,—,,—,,14578,0.175294301552373,—,,—,,—,,—,,—,,—,,—,,—,,—,,—,,—,,—,,—,,—,,—,,—,
  Baby & Family Care,,—,,—,,9933,0.227050379445918,10494,0.203344507528049,11652,0.202428727784437,11972,0.173746462520862,12726,0.164335799790803,13898,0.167117588350589,14103,0.180754392935416,14736,0.186720729853016,15606,0.186198009879018,—,,—,,—,,—,,—,,—,,—,,—,,—,,—,,—,,—,,—,
  Beauty & Grooming,,—,,—,,—,,—,,—,,21801,0.316392134097671,25326,0.327044512454965,27769,0.333910513088753,—,,—,,—,,—,,—,,—,,—,,—,,—,,—,,—,,—,,—,,—,,—,,—,
Percentage of Revenue,,—,,—,,—,,—,,—,,—,,—,,—,,—,,—,,—,,—,,—,,—,,—,,—,,—,,—,,—,,—,,—,,—,,—,,—,
  Fabric & Home Care,,—,,—,,—,,—,,—,,25,,24,,28,,29,,30,,30,,32,,11.9,,11.7,,11.8,,13.4,,13.1,,32,,33,,33,,34,,35,,35,,36,
"  Baby , Feminine & Family Care",,—,,—,,—,,—,,—,,—,,—,,—,,—,,—,,—,,19,,14.9,,14,,14.5,,14.3,,13.7,,27,,27,,26,,25,,25,,25,,24,
  Beauty,,—,,—,,—,,—,,—,,31,,30,,23,,23,,24,,24,,24,,12.4,,14,,14.2,,17.2,,16.7,,19,,19,,19,,19,,18,,18,,18,
  Health Care,,—,,—,,—,,—,,—,,11,,12,,—,,17,,14,,14,,15,,14.2,,13.9,,15.1,,17,,17,,12,,12,,13,,13,,14,,14,,14,
  Grooming,,—,,—,,—,,—,,—,,—,,—,,10,,9,,10,,9,,10,,22.9,,24.4,,24,,22.7,,23.1,,10,,9,,9,,9,,8,,8,,8,
  Gillette,,—,,—,,—,,—,,—,,9,,12,,—,,—,,—,,—,,—,,—,,—,,—,,—,,—,,—,,—,,—,,—,,—,,—,,—,
    Blades & Razors,,—,,—,,—,,—,,—,,5,,7,,—,,—,,—,,—,,—,,—,,—,,—,,—,,—,,—,,—,,—,,—,,—,,—,,—,
    Duracell & Braun,,—,,—,,—,,—,,—,,4,,5,,—,,—,,—,,—,,—,,—,,—,,—,,—,,—,,—,,—,,—,,—,,—,,—,,—,
  Beauty and Health,,—,,—,,—,,—,,—,,42,,42,,—,,—,,—,,—,,—,,—,,—,,—,,—,,—,,—,,—,,—,,—,,—,,—,,—,
  P&G Family Health,,—,,—,,—,,—,,34,,—,,—,,—,,—,,—,,—,,—,,—,,—,,—,,—,,—,,—,,—,,—,,—,,—,,—,,—,
  P&G Household Care,,—,,—,,—,,—,,32,,49,,46,,44,,—,,—,,—,,—,,—,,—,,—,,—,,—,,—,,—,,—,,—,,—,,—,,—,
"    Pet Health, Snacks & Coffee",,—,,—,,—,,—,,—,,6,,6,,—,,—,,—,,—,,—,,—,,—,,—,,—,,—,,—,,—,,—,,—,,—,,—,,—,
"  Snacks, Coffee and Pet Care",,—,,—,,—,,—,,—,,—,,—,,6,,4,,4,,4,,—,,—,,—,,—,,—,,—,,—,,—,,—,,—,,—,,—,,—,
  P&G Beauty,,—,,—,,—,,—,,34,,—,,—,,—,,—,,—,,—,,—,,—,,—,,—,,—,,—,,—,,—,,—,,—,,—,,—,,—,
  Corporate,,—,,—,,—,,—,,—,,—,,—,,—,,—,,—,,—,,—,,23.7,,22,,20.4,,15.4,,16.4,,—,,—,,—,,—,,—,,—,,—,
  Health and Well-Being,,—,,—,,—,,—,,—,,—,,—,,23,,—,,—,,—,,—,,—,,—,,—,,—,,—,,—,,—,,—,,—,,—,,—,,—,
    Health Care,,—,,—,,—,,—,,—,,—,,—,,17,,—,,—,,—,,—,,—,,—,,—,,—,,—,,—,,—,,—,,—,,—,,—,,—,
  Baby & Family Care,,—,,—,,—,,—,,—,,18,,16,,16,,18,,18,,19,,—,,—,,—,,—,,—,,—,,—,,—,,—,,—,,—,,—,,—,
  Beauty & Grooming,,—,,—,,—,,—,,—,,—,,—,,33,,—,,—,,—,,—,,—,,—,,—,,—,,—,,—,,—,,—,,—,,—,,—,,—,
% of Revenue - Supplementary,,—,,—,,—,,—,,—,,—,,—,,—,,—,,—,,—,,—,,—,,—,,—,,—,,—,,—,,—,,—,,—,,—,,—,,—,
  Fabric Care,,—,,—,,—,,—,,—,,—,,—,,—,,—,,—,,20,,20,,21,,20,,20,,22,,22,,22,,22,,22,,22,,23,,23,,24,
  Home Care,,—,,—,,—,,—,,—,,—,,—,,—,,—,,—,,7,,7,,8,,8,,8,,10,,10,,10,,10,,11,,12,,12,,12,,12,
  Skin and Personal Care,,—,,—,,—,,—,,—,,—,,—,,—,,—,,—,,—,,—,,6,,6,,6,,8,,8,,9,,10,,10,,10,,9,,9,,9,
  Family Care,,—,,—,,—,,—,,—,,—,,—,,—,,—,,—,,7,,6,,7,,7,,7,,8,,8,,8,,9,,9,,9,,6,,8,,9,
  Hair Care,,—,,—,,—,,—,,—,,—,,—,,—,,—,,—,,11,,11,,12,,11,,11,,10,,10,,10,,10,,9,,9,,9,,9,,9,
  Baby Care,,—,,—,,—,,—,,—,,—,,—,,—,,—,,—,,12,,13,,13,,13,,14,,14,,14,,13,,12,,11,,10,,10,,10,,9,
  Oral Care,,—,,—,,—,,—,,—,,—,,—,,—,,—,,—,,6,,6,,7,,7,,7,,8,,8,,8,,8,,8,,8,,8,,8,,8,
  Grooming,,—,,—,,—,,—,,—,,—,,—,,—,,—,,—,,—,,—,,—,,—,,—,,—,,—,,—,,—,,—,,—,,—,,—,,8,
  Personal Health Care,,—,,—,,—,,—,,—,,—,,—,,—,,—,,—,,—,,—,,—,,—,,—,,—,,—,,—,,4,,5,,5,,6,,6,,6,
  Feminine Care,,—,,—,,—,,—,,—,,—,,—,,—,,—,,—,,6,,6,,6,,5,,6,,6,,6,,6,,6,,6,,6,,9,,7,,6,
  All Other,,—,,—,,—,,—,,—,,—,,—,,—,,—,,—,,—,,—,,—,,—,,—,,—,,—,,—,,1,,2,,2,,2,,0,,0,
  Shave Care,,—,,—,,—,,—,,—,,—,,—,,—,,—,,—,,9,,9,,9,,9,,9,,9,,9,,8,,8,,7,,7,,6,,8,,—,
  Beauty Care,,—,,—,,—,,—,,—,,—,,—,,—,,—,,—,,7,,7,,—,,—,,—,,—,,—,,—,,—,,—,,—,,—,,—,,—,
  All Other,,—,,—,,—,,—,,—,,—,,—,,—,,—,,—,,15,,15,,11,,14,,12,,5,,5,,6,,—,,—,,—,,—,,—,,—,
Pretax Income,,4616,1.0,6383,1.0,7530,1.0,8905,1.0,9981,1.0,12413,1.0,14710,1.0,17097.5,1.0,14413,1.0,14868,1.0,14997,1.0,12528,1.0,14179,1.0,13509,1.0,11012,1.0,13369,1.0,13257,1.0,13326,1.0,6069,1.0,15834,1.0,17615,1.0,17995,1.0,18353,1.0,18761,1.0
  Fabric & Home Care,,2427,0.362401075108257,2728,0.351909184726522,3080,0.345252774352651,3270,0.329073160913757,3186,0.289347016619744,3905,0.282438883263417,4650,0.283536585365854,5060,0.285198962912862,4663,0.289232105197866,4897,0.285872737886748,4867,0.293936465756734,4485,0.282662128946871,4379,0.271296697850195,4264,0.2702154626109,4059,0.264516129032258,4249,0.288106861947383,4249,0.292107795957652,4191,0.289373748532763,4601,0.301962328542364,5426,0.316089945240592,5986,0.317509149737442,5729,0.31144332699103,6303,0.323230769230769,7339,0.346457064627295
"  Baby , Feminine & Family Care",,1735,0.259071225922055,1961,0.25296697626419,—,,—,,—,,—,,—,,—,,—,,—,,—,,4271,0.269175017331569,4507,0.279226813704231,4310,0.273130544993663,4317,0.281329423264907,4042,0.274071060482777,3868,0.265915028186443,3527,0.243526893599392,3593,0.235807573669358,4534,0.264126762204357,4723,0.250517159072827,4267,0.231965207936939,4623,0.237076923076923,5253,0.247981872256054
  Beauty,,—,,—,,—,,3448,0.346986011874811,3977,0.361184270275179,3262,0.235932301461015,3440,0.209756097560976,3528,0.198850185999324,3558,0.220692221808709,3648,0.212959719789842,3415,0.206244715545356,3196,0.201424339824794,3215,0.199182206802552,3020,0.191381495564005,2895,0.188660801564027,2636,0.178736099810144,2546,0.175030936339887,3042,0.210039356486916,3282,0.215396731640087,3437,0.20022136782011,4018,0.213122579960749,3946,0.2145148138081,4009,0.205589743589744,3805,0.179625171127791
  Health Care,,584,0.0872032253247723,795,0.102554179566563,1034,0.115906288532676,1113,0.112005635503673,1210,0.10989010989011,2785,0.201432084478519,3365,0.205182926829268,—,,2786,0.172807344001985,2809,0.163981319322825,2720,0.164271047227926,1520,0.0957963068002773,1582,0.0980112756334799,1597,0.101204055766793,1700,0.110785272075595,1812,0.12286411716843,1898,0.130482606902241,1922,0.13270731202099,1984,0.130209358797664,2156,0.125597110567401,2398,0.127194610937251,2618,0.142321282957325,2759,0.141487179487179,2941,0.138837747250153
  Grooming,,—,,—,,—,,—,,—,,1176,0.0850571387241429,1895,0.115548780487805,2299,0.129579528801713,1900,0.117851383203077,2007,0.117162872154116,2375,0.143435197487619,2395,0.15094220709649,2458,0.152283006009541,2589,0.164068441064639,2374,0.154708374063213,2009,0.136221860591267,1985,0.136463632613777,1801,0.124352689359939,1777,0.116624007350528,1613,0.0939648141675405,1728,0.0916565002917308,1835,0.0997553683066051,1806,0.0926153846153846,1845,0.0870981447387056
  Corporate,,-2081,,-1369,,-1391,,-1032,,-1030,,-1413,,-1690,,-2110,,-1709,,-2262,,-1561,,-3339,,-1962,,-2271,,-4333,,-1379,,-1289,,-1157,,-9168,,-1332,,-1238,,-400,,-1147,,-2422,
  Gillette,,—,,—,,—,,0,,0,,—,,—,,—,,—,,—,,—,,—,,—,,—,,—,,—,,—,,—,,—,,—,,—,,—,,—,,—,
    Blades & Razors,,—,,—,,—,,0,,0,,—,,—,,—,,—,,—,,—,,—,,—,,—,,—,,—,,—,,—,,—,,—,,—,,—,,—,,—,
    Duracell & Braun,,—,,—,,—,,0,,0,,—,,—,,—,,—,,—,,—,,—,,—,,—,,—,,—,,—,,—,,—,,—,,—,,—,,—,,—,
  Beauty and Health,,—,,—,,—,,4561,0.458991647378484,5187,0.471074380165289,—,,—,,—,,—,,—,,—,,—,,—,,—,,—,,—,,—,,—,,—,,—,,—,,—,,—,,—,
  P&G Household Care,,—,,—,,—,,5376,0.541008352621516,5824,0.528925619834711,5976,0.432229133516563,6941,0.423231707317073,7760,0.437380227708263,—,,—,,—,,—,,—,,—,,—,,—,,—,,—,,—,,—,,—,,—,,—,,—,
"    Pet Health, Snacks & Coffee",,—,,—,,—,,594,0.0597765925329576,714,0.0648442466624285,—,,—,,—,,—,,—,,—,,—,,—,,—,,—,,—,,—,,—,,—,,—,,—,,—,,—,,—,
"  Snacks, Coffee and Pet Care",,—,,—,,—,,—,,—,,627,0.0453493418197599,759,0.046280487804878,409,0.0230526434449329,388,0.0240664929909441,499,0.0291301809690601,—,,—,,—,,—,,—,,—,,—,,—,,—,,—,,—,,—,,—,,—,
  Snacks & Beverages,,547,0.0816783634463192,604,0.0779153766769866,460,0.0515637260396817,—,,—,,—,,—,,—,,—,,—,,—,,—,,—,,—,,—,,—,,—,,—,,—,,—,,—,,—,,—,,—,
  Beauty Care,,1404,0.209646110198596,1664,0.214654282765738,2899,0.324963569106602,—,,—,,—,,—,,—,,—,,—,,—,,—,,—,,—,,—,,—,,—,,—,,—,,—,,—,,—,,—,,—,
  Reconciliation,,—,,—,,—,,—,,—,,—,,—,,1465.5,,—,,—,,—,,—,,—,,—,,—,,—,,—,,—,,—,,—,,—,,—,,—,,—,
  Health and Well-Being,,—,,—,,—,,—,,—,,3412,0.246781426298279,4124,0.251463414634146,4155,0.2341900574907,—,,—,,—,,—,,—,,—,,—,,—,,—,,—,,—,,—,,—,,—,,—,,—,
    Health Care,,—,,—,,—,,—,,—,,—,,—,,3746,0.211137414045767,—,,—,,—,,—,,—,,—,,—,,—,,—,,—,,—,,—,,—,,—,,—,,—,
  Baby & Family Care,,—,,—,,1448,0.162313641968389,1512,0.152158599174801,1924,0.174734356552538,2071,0.149790250253146,2291,0.13969512195122,2700,0.152181264795401,2827,0.17535045279742,3270,0.190893169877408,3181,0.192112573982365,—,,—,,—,,—,,—,,—,,—,,—,,—,,—,,—,,—,,—,
  Beauty & Grooming,,—,,—,,—,,—,,—,,4438,0.320989440185158,5335,0.32530487804878,5827,0.328429714801037,—,,—,,—,,—,,—,,—,,—,,—,,—,,—,,—,,—,,—,,—,,—,,—,
Net Income,,2922,1.0,4352,1.0,5186,1.0,6156,1.0,6923,1.0,8684,1.0,10340,1.0,13540.5,1.0,13436,1.0,12736,1.0,13593,1.0,10756,1.0,11312,1.0,11643,1.0,7036,1.0,10508,1.0,15326,1.0,9750,1.0,3897,1.0,13027,1.0,14306,1.0,14742,1.0,14653,1.0,14879,1.0
  Fabric & Home Care,,1641,0.374743092030144,1831,0.360220342317529,2059,0.346808152265454,2176,0.337207500387417,2129,0.29033137869903203,2609,0.278144989339019,3127,0.27743767190134,3411,0.276979293544458,3032,0.263789803375674,3339,0.283856159143076,3109,0.23741886216113,2816,0.224061107574793,3089,0.267422733962427,3039,0.25994354631768,2634,0.246007284953769,2778,0.260063658490919,2713,0.179919092778036,2708,0.274005868663361,3518,0.296427367711493,4154,0.313249377874972,4622,0.332064085063582,4386,0.30763835308971,4828,0.320754716981132,5687,0.348681790312692
"  Baby , Feminine & Family Care",,1043,0.238182233386618,1170,0.230179028132992,—,,—,,—,,—,,—,,—,,—,,—,,—,,2927,0.232893061744112,3047,0.263786685135486,2940,0.25147549396972,2938,0.274399925282525,2650,0.248080883729639,2503,0.165992439816964,2251,0.227764848730143,2734,0.230367374452309,3465,0.261292511876932,3629,0.260722753071341,3266,0.229080451707933,3545,0.235516874833909,4020,0.246474555487431
  Beauty,,—,,—,,—,,2246,0.34805516813885,2752,0.375289785899359,2412,0.257142857142857,2611,0.231656463490374,2730,0.221680876979294,2531,0.220201844440578,2712,0.230553430247386,2542,0.194119893088965,2390,0.190165499681731,2474,0.214180590425071,2739,0.234282781626893,2181,0.203698514990193,1975,0.184890469949448,1914,0.126931494130911,2320,0.234746534453101,2637,0.222194135490394,2737,0.206394691199759,3210,0.230620015805733,3160,0.221645507470015,3178,0.211134732925857,2963,0.181667688534641
  Health Care,,390,0.0890614295501256,521,0.102498524493409,706,0.118915277075964,745,0.115450178211684,811,0.110595936178917,1829,0.19498933901919,2233,0.198119066631177,—,,2435,0.211849660692535,1860,0.158122927824535,1796,0.137151584574265,1022,0.0813176320814768,1093,0.0946238420915938,1083,0.0926353605337439,1167,0.108994115998879,1250,0.117019284778131,1280,0.0848862656674846,1283,0.129818880906607,1519,0.12799123693967,1652,0.124575823844356,1851,0.132983691357138,2006,0.140702812653433,2125,0.1411772521924,2258,0.138442673206622
  Grooming,,—,,—,,—,,—,,—,,846,0.0901918976545842,1383,0.122704285334043,1679,0.136337799431587,1492,0.129806855750827,1477,0.125563206664966,1775,0.135547919053074,1807,0.143777848504137,1837,0.159033849883127,1954,0.167137114019331,1787,0.166900158774633,1548,0.144916682269238,1537,0.101929836196034,1432,0.144895274714156,1529,0.128833838894506,1329,0.100218686373577,1427,0.102521732883109,1490,0.104510065231115,1461,0.0970635131543981,1477,0.0905579399141631
  Adjustment,,—,,—,,—,,—,,—,,—,,—,,—,,—,,—,,1895,0.14471172203131,1606,0.127784850413749,11,0.000952298502294174,-64,-0.00547429646736806,—,,481,0.045029020782625,5132,0.340340871410571,-111,-0.0112314074673682,-69,-0.00581395348837209,-76,-0.00573109116959505,-820,-0.0589122781809038,-51,-0.00357719015220593,-85,-0.00564709008769599,-95,-0.00582464745554874
  Corporate,,-1457,,-731,,-751,,-297,,-410,,-696,,-931,,-240,,1942,,973,,498,,-1812,,-239,,-48,,-2420,,-174,,247,,-133,,-7971,,-234,,387,,485,,-399,,-1431,
  Gillette,,—,,—,,—,,0,,0,,—,,—,,—,,—,,—,,—,,—,,—,,—,,—,,—,,—,,—,,—,,—,,—,,—,,—,,—,
    Blades & Razors,,—,,—,,—,,0,,0,,—,,—,,—,,—,,—,,—,,—,,—,,—,,—,,—,,—,,—,,—,,—,,—,,—,,—,,—,
    Duracell & Braun,,—,,—,,—,,0,,0,,—,,—,,—,,—,,—,,—,,—,,—,,—,,—,,—,,—,,—,,—,,—,,—,,—,,—,,—,
  Beauty and Health,,—,,—,,—,,2991,0.463505346350535,3563,0.485885722078276,—,,—,,—,,—,,—,,—,,—,,—,,—,,—,,—,,—,,—,,—,,—,,—,,—,,—,,—,
  P&G Household Care,,—,,—,,—,,3462,0.536494653649465,3770,0.514114277921724,3908,0.416631130063966,4567,0.405199183745897,5139,0.417295980511571,—,,—,,—,,—,,—,,—,,—,,—,,—,,—,,—,,—,,—,,—,,—,,—,
"    Pet Health, Snacks & Coffee",,—,,—,,—,,367,0.0568727723539439,444,0.0605482067366699,—,,—,,—,,—,,—,,—,,—,,—,,—,,—,,—,,—,,—,,—,,—,,—,,—,,—,,—,
"  Snacks, Coffee and Pet Care",,—,,—,,—,,—,,—,,385,0.041044776119403,477,0.0423210007985095,261,0.0211936662606577,234,0.0203584478858535,326,0.0277140185326872,—,,—,,—,,—,,—,,—,,—,,—,,—,,—,,—,,—,,—,,—,
  Snacks & Beverages,,333,0.0760447590774149,384,0.0755459374385206,306,0.0515411824153613,—,,—,,—,,—,,—,,—,,—,,—,,—,,—,,—,,—,,—,,—,,—,,—,,—,,—,,—,,—,,—,
  Beauty Care,,972,0.22196848595569801,1177,0.231556167617549,1984,0.334175509516591,—,,—,,—,,—,,—,,—,,—,,—,,—,,—,,—,,—,,—,,—,,—,,—,,—,,—,,—,,—,,—,
  Reconciliation,,—,,—,,—,,—,,—,,—,,—,,1465.5,,—,,—,,—,,—,,—,,—,,-1251,,—,,—,,—,,—,,—,,—,,—,,—,,—,
  Health and Well-Being,,—,,—,,—,,—,,—,,2214,0.236034115138593,2710,0.240440067429687,2767,0.224685343077548,—,,—,,—,,—,,—,,—,,—,,—,,—,,—,,—,,—,,—,,—,,—,,—,
    Health Care,,—,,—,,—,,—,,—,,—,,—,,2506,0.20349167681689,—,,—,,—,,—,,—,,—,,—,,—,,—,,—,,—,,—,,—,,—,,—,,—,
  Baby & Family Care,,—,,—,,882,0.14855987872663,919,0.142414380908105,1197,0.163234692486022,1299,0.138486140724947,1440,0.127761511844557,1728,0.140316686967113,1770,0.153993387854533,2049,0.17419025758735,1978,0.151050019091256,—,,—,,—,,—,,—,,—,,—,,—,,—,,—,,—,,—,,—,
  Beauty & Grooming,,—,,—,,—,,—,,—,,3258,0.347334754797441,3994,0.354360748824417,4409,0.358018676410881,—,,—,,—,,—,,—,,—,,—,,—,,—,,—,,—,,—,,—,,—,,—,,—,
Revenue Growth %,,—,,—,,—,,—,,—,,—,,—,,—,,—,,—,,—,,—,,—,,—,,—,,—,,—,,—,,—,,—,,—,,—,,—,,—,
  Health Care,,11,,14,,16,,21,,11,,29,,14,,—,,-7,,2,,5,,3,,6,,1,,-1,,-5,,2,,5,,5,,10,,10,,9,,4,,5,
  Grooming,,—,,—,,—,,—,,—,,—,,—,,11,,-9,,3,,5,,1,,-4,,0,,-7,,-8,,-3,,-1,,-5,,-2,,6,,2,,-3,,4,
  Fabric & Home Care,,-4,,0,,8,,10,,10,,9,,11,,11,,-2,,3,,4,,3,,1,,1,,-5,,-7,,0,,3,,3,,7,,10,,6,,3,,4,
  Beauty,,—,,—,,—,,—,,—,,7,,9,,9,,-4,,3,,4,,2,,-2,,-2,,-6,,-9,,0,,9,,4,,4,,8,,2,,2,,1,
"  Baby , Feminine & Family Care",,0,,-1,,—,,—,,—,,—,,—,,—,,—,,—,,—,,6,,4,,2,,-3,,-9,,-1,,-1,,-2,,3,,3,,5,,2,,0,
  Gillette,,—,,—,,—,,—,,—,,—,,44,,—,,—,,—,,—,,—,,—,,—,,—,,—,,—,,—,,—,,—,,—,,—,,—,,—,
    Blades & Razors,,—,,—,,—,,—,,—,,—,,49,,—,,—,,—,,—,,—,,—,,—,,—,,—,,—,,—,,—,,—,,—,,—,,—,,—,
    Duracell & Braun,,—,,—,,—,,—,,—,,—,,38,,—,,—,,—,,—,,—,,—,,—,,—,,—,,—,,—,,—,,—,,—,,—,,—,,—,
  Beauty and Health,,—,,—,,—,,—,,—,,—,,10,,—,,—,,—,,—,,—,,—,,—,,—,,—,,—,,—,,—,,—,,—,,—,,—,,—,
  P&G Family Health,,—,,—,,—,,—,,11,,—,,—,,—,,—,,—,,—,,—,,—,,—,,—,,—,,—,,—,,—,,—,,—,,—,,—,,—,
  P&G Household Care,,—,,—,,—,,—,,10,,5,,8,,10,,—,,—,,—,,—,,—,,—,,—,,—,,—,,—,,—,,—,,—,,—,,—,,—,
    Snacks & Coffee,,—,,—,,—,,—,,8,,—,,—,,—,,—,,—,,—,,—,,—,,—,,—,,—,,—,,—,,—,,—,,—,,—,,—,,—,
"    Pet Health, Snacks & Coffee",,—,,—,,—,,—,,—,,—,,4,,—,,—,,—,,—,,—,,—,,—,,—,,—,,—,,—,,—,,—,,—,,—,,—,,—,
"  Snacks, Coffee and Pet Care",,—,,—,,—,,—,,—,,—,,—,,7,,-3,,1,,—,,—,,—,,—,,—,,—,,—,,—,,—,,—,,—,,—,,—,,—,
  Snacks & Beverages,,-11,,-8,,1,,8,,—,,—,,—,,—,,—,,—,,—,,—,,—,,—,,—,,—,,—,,—,,—,,—,,—,,—,,—,,—,
  P&G Beauty,,-2,,11,,14,,40,,14,,—,,—,,—,,—,,—,,—,,—,,—,,—,,—,,—,,—,,—,,—,,—,,—,,—,,—,,—,
  Corporate,,—,,—,,—,,—,,0,,—,,—,,—,,—,,—,,—,,—,,—,,—,,—,,—,,—,,—,,—,,—,,—,,—,,—,,—,
  Health and Well-Being,,—,,—,,—,,—,,—,,—,,—,,8,,—,,—,,—,,—,,—,,—,,—,,—,,—,,—,,—,,—,,—,,—,,—,,—,
    Health Care,,—,,—,,—,,—,,—,,—,,—,,9,,—,,—,,—,,—,,—,,—,,—,,—,,—,,—,,—,,—,,—,,—,,—,,—,
  Baby & Family Care,,—,,—,,8,,8,,11,,3,,6,,9,,1,,4,,6,,—,,—,,—,,—,,—,,—,,—,,—,,—,,—,,—,,—,,—,
  Beauty & Grooming,,—,,—,,—,,—,,—,,—,,—,,10,,—,,—,,—,,—,,—,,—,,—,,—,,—,,—,,—,,—,,—,,—,,—,,—,
Organic Growth,,—,,—,,—,,—,,—,,—,,—,,—,,—,,—,,—,,—,,—,,—,,—,,—,,—,,—,,—,,—,,—,,—,,—,,—,
  Grooming,,—,,—,,—,,—,,—,,—,,—,,8,,-2,,3,,5,,2,,2,,3,,1,,2,,0,,-3,,1,,1,,6,,5,,4,,9,
  Health Care,,18,,12,,14,,17,,12,,9,,6,,—,,-1,,2,,5,,2,,7,,2,,4,,2,,5,,2,,6,,7,,9,,10,,8,,5,
  Fabric & Home Care,,3,,3,,7,,7,,2,,7,,8,,3,,3,,4,,2,,3,,4,,4,,2,,1,,3,,3,,7,,9,,9,,8,,8,,5,
  Beauty,,—,,—,,—,,9,,7,,6,,5,,4,,1,,3,,3,,2,,1,,0,,0,,0,,3,,7,,8,,5,,6,,1.8,,5,,3,
"  Baby , Feminine & Family Care",,1,,1,,—,,—,,—,,—,,—,,—,,—,,—,,—,,6,,6,,4,,3,,-1,,1,,-2,,2,,4,,2,,6,,6,,2,
  Health Care,,—,,—,,—,,—,,—,,—,,—,,3,,—,,—,,—,,—,,—,,—,,—,,—,,—,,—,,—,,—,,—,,—,,—,,—,
"  Pet Health, Snacks & Coffee",,—,,—,,—,,4,,0,,—,,—,,—,,—,,—,,—,,—,,—,,—,,—,,—,,—,,—,,—,,—,,—,,—,,—,,—,
"  Snacks, Coffee and Pet Care",,—,,—,,—,,—,,—,,—,,—,,3,,1,,0,,0,,—,,—,,—,,—,,—,,—,,—,,—,,—,,—,,—,,—,,—,
  Snacks & Beverages,,-12,,-6,,-3,,—,,—,,—,,—,,—,,—,,—,,—,,—,,—,,—,,—,,—,,—,,—,,—,,—,,—,,—,,—,,—,
  Beauty Care,,3,,22,,11,,—,,—,,—,,—,,—,,—,,—,,—,,—,,—,,—,,—,,—,,—,,—,,—,,—,,—,,—,,—,,—,
  Baby & Family Care,,—,,—,,5,,4,,4,,3,,4,,4,,7,,5,,7,,—,,—,,—,,—,,—,,—,,—,,—,,—,,—,,—,,—,,—,
Foreign Currency Growth,,—,,—,,—,,—,,—,,—,,—,,—,,—,,—,,—,,—,,—,,—,,—,,—,,—,,—,,—,,—,,—,,—,,—,,—,
  Health Care,,-2,,0,,3,,3,,2,,-1,,2,,—,,5,,0,,0,,0,,-3,,-1,,-5,,-6,,-2,,3,,-3,,-2,,1,,-1,,-4,,0,
  Fabric & Home Care,,-3,,-1,,3,,3,,2,,-1,,3,,-5,,5,,-1,,-1,,0,,-2,,-3,,-6,,-6,,-2,,1,,-3,,-1,,1,,-2,,-5,,-1,
"  Baby , Feminine & Family Care",,-5,,-1,,—,,—,,—,,—,,—,,—,,—,,—,,—,,0,,-2,,-3,,-6,,-6,,-2,,1,,-4,,-2,,1,,-1,,-4,,-2,
  Beauty,,—,,—,,—,,4,,3,,-1,,3,,-6,,4,,0,,1,,0,,-2,,-2,,-5,,-6,,-2,,2,,-4,,-2,,2,,0,,-5,,-2,
  Grooming,,—,,—,,—,,—,,—,,—,,6,,-7,,6,,0,,0,,1,,-4,,-3,,-8,,-9,,-2,,3,,-5,,-3,,0,,-3,,-7,,-5,
  Health Care,,—,,—,,—,,—,,—,,—,,—,,-5,,—,,—,,—,,—,,—,,—,,—,,—,,—,,—,,—,,—,,—,,—,,—,,—,
"  Pet Health, Snacks & Coffee",,—,,—,,—,,0,,2,,—,,—,,—,,—,,—,,—,,—,,—,,—,,—,,—,,—,,—,,—,,—,,—,,—,,—,,—,
"  Snacks, Coffee and Pet Care",,—,,—,,—,,—,,—,,—,,2,,-4,,4,,1,,4,,—,,—,,—,,—,,—,,—,,—,,—,,—,,—,,—,,—,,—,
  Snacks & Beverages,,-2,,0,,4,,—,,—,,—,,—,,—,,—,,—,,—,,—,,—,,—,,—,,—,,—,,—,,—,,—,,—,,—,,—,,—,
  Beauty Care,,-4,,0,,4,,—,,—,,—,,—,,—,,—,,—,,—,,—,,—,,—,,—,,—,,—,,—,,—,,—,,—,,—,,—,,—,
  Baby & Family Care,,—,,—,,5,,4,,3,,-1,,2,,-4,,4,,-1,,-1,,—,,—,,—,,—,,—,,—,,—,,—,,—,,—,,—,,—,,—,
Acquisition/Divestiture & Other Growth,,—,,—,,—,,—,,—,,—,,—,,—,,—,,—,,—,,—,,—,,—,,—,,—,,—,,—,,—,,—,,—,,—,,—,,—,
  Grooming,,—,,—,,—,,—,,—,,0,,2,,0,,1,,0,,0,,0,,-2,,0,,0,,1,,1,,1,,1,,0,,0,,0,,-3,,1,
  Fabric & Home Care,,0,,6,,8,,9,,7,,7,,5,,0,,0,,0,,2,,0,,0,,0,,1,,2,,1,,1,,1,,1,,0,,0.3,,-4,,1,
  Beauty,,—,,—,,—,,10,,8,,6,,3,,1,,1,,-1,,0,,0,,-1,,0,,1,,3,,1,,0,,0,,-1,,0,,-0.8,,-2,,0,
  Health Care,,16,,11,,18,,17,,8,,7,,6,,—,,1,,0,,0,,-1,,2,,0,,0,,1,,1,,0,,-2,,-5,,0,,0,,-1,,-1,
"  Baby , Feminine & Family Care",,-4,,3,,—,,—,,—,,—,,—,,—,,—,,—,,—,,0,,0,,-1,,0,,2,,0,,0,,0,,-1,,0,,0.3,,-3,,-2,
  Health Care,,—,,—,,—,,—,,—,,—,,—,,-1,,—,,—,,—,,—,,—,,—,,—,,—,,—,,—,,—,,—,,—,,—,,—,,—,
"  Pet Health, Snacks & Coffee",,—,,—,,—,,0,,3,,—,,—,,—,,—,,—,,—,,—,,—,,—,,—,,—,,—,,—,,—,,—,,—,,—,,—,,—,
"  Snacks, Coffee and Pet Care",,—,,—,,—,,—,,—,,—,,0,,0,,0,,0,,1,,—,,—,,—,,—,,—,,—,,—,,—,,—,,—,,—,,—,,—,
  Snacks & Beverages,,-14,,-1,,-9,,—,,—,,—,,—,,—,,—,,—,,—,,—,,—,,—,,—,,—,,—,,—,,—,,—,,—,,—,,—,,—,
  Beauty Care,,-1,,5,,7,,—,,—,,—,,—,,—,,—,,—,,—,,—,,—,,—,,—,,—,,—,,—,,—,,—,,—,,—,,—,,—,
  Baby & Family Care,,—,,—,,6,,6,,7,,4,,2,,3,,2,,0,,0,,—,,—,,—,,—,,—,,—,,—,,—,,—,,—,,—,,—,,—,
Goodwill,,—,,10966,1.0,11132,1.0,19610,1.0,19816,1.0,55306,1.0,56552,1.0,59767,1.0,56512,1.0,54012,1.0,57562,1.0,53773,1.0,55188,1.0,53704,1.0,44622,1.0,44350,1.0,44699,1.0,45175,1.0,40273,1.0,39901,1.0,40924,1.0,39700,1.0,40659,1.0,40303,1.0
  Beauty,,—,,—,,—,,14457,0.737225905150433,14580,0.73576907549455,17870,0.323111416482841,15359,0.271590748337813,16903,0.282814931316613,16059,0.284169733861835,17575,0.327195889339837,19068,0.333048049883849,16429,0.320053767630328,16663,0.315910211200849,17040,0.317294801132132,12704,0.284702613060822,12645,0.285118376550169,12791,0.286158527036399,12992,0.287592695074709,12985,0.322424453107541,12902,0.323350291972632,13257,0.323941941159222,13296,0.334911838790932,13888,0.341572591554145,13723,0.340495744733643
  Grooming,,—,,—,,—,,—,,—,,21539,0.389451415759592,24211,0.428119253076814,25312,0.423511302223635,24000,0.424688561721404,20384,0.379491380273299,21621,0.377639599671633,20680,0.40286760695083,20617,0.390873241572821,20939,0.38989646953672,19619,0.43967101429788,19477,0.439165727170237,19627,0.439092597149824,19820,0.438738240177089,12881,0.319842077818886,12815,0.321169895491341,13095,0.319983383833447,12571,0.316649874055416,12703,0.312427752773064,12633,0.313450611617001
  Health Care,,—,,2866,0.261353273755243,2908,0.261228889687388,1621,0.0826619071902091,1683,0.0849313685910375,7090,0.128195855784183,8482,0.149985853727543,—,,8404,0.148711778029445,7859,0.146311948467811,8179,0.142857142857143,6115,0.119126470817424,6185,0.117260076593486,6280,0.11693728586325,5876,0.131683922728699,5840,0.131679819616685,5878,0.131501823307009,5929,0.131245157719978,7972,0.197948998088049,7786,0.195132954061302,8046,0.196608347180139,7589,0.191158690176322,7718,0.189822671487248,7638,0.189514428206337
"  Baby , Feminine & Family Care",,—,,2643,0.241017691045048,—,,—,,—,,—,,—,,—,,—,,—,,—,,3684,0.071768097872672,4828,0.0915330072422553,4910,0.0914270817816178,4549,0.1019452288109,4532,0.102187147688839,4546,0.101702498937336,4569,0.101140011068069,4580,0.113723834827304,4557,0.114207663968322,4653,0.113698563190304,4436,0.111738035264484,4529,0.111389852185248,4499,0.111629407240156
  Fabric & Home Care,,—,,451,0.0411271201896772,460,0.0413223140495868,614,0.0313105558388577,644,0.0324989907145741,4848,0.0876577586518642,4470,0.079042297354647,4655,0.0778857898171232,4408,0.0780011325028313,4248,0.0790855270506758,4589,0.0801530050827031,4424,0.0861840567287462,4453,0.0844234633905889,4535,0.0844443616862804,1874,0.0419972211016987,1856,0.0418489289740699,1857,0.0415445535694311,1865,0.0412838959601549,1855,0.0460606361582201,1841,0.0461391945064034,1873,0.0457677646368879,1808,0.0455415617128463,1821,0.0447871320002951,1810,0.0449098082028633
  Corporate,,—,,—,,—,,—,,—,,—,,—,,—,,0,,298,,309,,2441,,2442,,0,,0,,0,,0,,0,,0,,0,,0,,0,,0,,0,
  Gillette,,—,,—,,—,,—,,0,,—,,—,,—,,—,,—,,—,,—,,—,,—,,—,,—,,—,,—,,—,,—,,—,,—,,—,,—,
    Blades & Razors,,—,,—,,—,,—,,0,,—,,—,,—,,—,,—,,—,,—,,—,,—,,—,,—,,—,,—,,—,,—,,—,,—,,—,,—,
    Duracell & Braun,,—,,—,,—,,—,,0,,—,,—,,—,,—,,—,,—,,—,,—,,—,,—,,—,,—,,—,,—,,—,,—,,—,,—,,—,
  Beauty and Health,,—,,—,,—,,16078,0.819887812340643,16263,0.820700444085587,—,,—,,—,,—,,—,,—,,—,,—,,—,,—,,—,,—,,—,,—,,—,,—,,—,,—,,—,
  P&G Household Care,,—,,—,,—,,3532,0.180112187659357,3553,0.179299555914413,6411,0.115918706831085,6093,0.107741547602207,6368,0.106547091204176,—,,—,,—,,—,,—,,—,,—,,—,,—,,—,,—,,—,,—,,—,,—,,—,
"    Pet Health, Snacks & Coffee",,—,,—,,—,,1977,0.100815910249873,1954,0.0986071861122325,—,,—,,—,,—,,—,,—,,—,,—,,—,,—,,—,,—,,—,,—,,—,,—,,—,,—,,—,
"  Snacks, Coffee and Pet Care",,—,,—,,—,,—,,—,,2396,0.0433226051422992,2407,0.0425625972556231,2434,0.0407248146970736,2055,0.0363639580973952,2203,0.0410135160293406,2243,0.0391769863587934,—,,—,,—,,—,,—,,—,,—,,—,,—,,—,,—,,—,,—,
  Snacks & Beverages,,—,,277,0.0252598942184935,280,0.0251527128997485,—,,—,,—,,—,,—,,—,,—,,—,,—,,—,,—,,—,,—,,—,,—,,—,,—,,—,,—,,—,,—,
  Beauty Care,,—,,4729,0.431242020791537,6600,0.592885375494071,—,,—,,—,,—,,—,,—,,—,,—,,—,,—,,—,,—,,—,,—,,—,,—,,—,,—,,—,,—,,—,
  Health and Well-Being,,—,,—,,—,,—,,—,,9486,0.171518460926482,10889,0.192548450983166,11184,0.187126675255576,—,,—,,—,,—,,—,,—,,—,,—,,—,,—,,—,,—,,—,,—,,—,,—,
    Health Care,,—,,—,,—,,—,,—,,—,,—,,8750,0.146401860558502,—,,—,,—,,—,,—,,—,,—,,—,,—,,—,,—,,—,,—,,—,,—,,—,
  Baby & Family Care,,—,,—,,884,0.0794107078692059,941,0.0479857215706272,955,0.048193379087606,1563,0.0282609481792211,1623,0.0286992502475598,1713,0.0286613013870531,1586,0.0280648357870895,1445,0.0269017388390364,1553,0.0271252161458788,—,,—,,—,,—,,—,,—,,—,,—,,—,,—,,—,,—,,—,
  Beauty & Grooming,,—,,—,,—,,—,,—,,39409,0.712562832242433,39570,0.699710001414627,42215,0.706326233540248,—,,—,,—,,—,,—,,—,,—,,—,,—,,—,,—,,—,,—,,—,,—,,—,
Assets,,34387,1.0,40776,1.0,43706,1.0,57048,1.0,61527,1.0,135695,1.0,138014,1.0,143992,1.0,134833,1.0,128172,1.0,138354,1.0,132244,1.0,139263,1.0,144266,1.0,129495,1.0,127136,1.0,120406,1.0,118310,1.0,115095,1.0,120700,1.0,119307,1.0,117208,1.0,120829,1.0,122370,1.0
  Corporate,,12085,,18425,,21487,,27967,,31183,,66205,,67509,,70268,,75634,,70653,,76383,,73687,,78018,,83714,,79925,,78508,,71463,,68761,,64252,,70481,,68076,,65773,,68366,,71365,
  Grooming,,—,,—,,—,,—,,—,,28994,0.417239890631746,27767,0.393830224806751,27406,0.371737832998752,22205,0.375090795452626,21259,0.369599610563466,21608,0.348679220925917,24518,0.418703143945216,23971,0.391395215935995,23767,0.392505615008588,23090,0.465805931006657,22819,0.469256395492309,22759,0.465010318125166,22609,0.456295788007831,20882,0.410715339378085,20589,0.409984268902208,20668,0.403427612187933,20482,0.398211334694274,20601,0.392676743609782,19082,0.374120184295657
  Fabric & Home Care,,5533,0.24809434131468,5149,0.230370005816295,5174,0.232863765245961,5876,0.202056325435852,6845,0.225580015818613,11318,0.162872355734638,12179,0.172739522019715,13708,0.185936737019153,10419,0.175999594587746,9650,0.167770649698361,11257,0.181649481208953,10647,0.181822839284799,12018,0.196228263531717,11384,0.188003699299775,7155,0.144341335485172,6919,0.142284280661347,6886,0.140694277016121,7295,0.147227996528689,7620,0.149873138878508,7745,0.154224496704435,8334,0.162674942905663,8567,0.166559735588607,8669,0.165240264567409,8907,0.174629938241349
"  Baby , Feminine & Family Care",,8629,0.386915971661734,8771,0.392420920764172,—,,—,,—,,—,,—,,—,,—,,—,,—,,9203,0.157163106033437,8460,0.138133725202057,10946,0.180770247060378,10109,0.203933830946137,9863,0.202825532614954,9920,0.202684755736265,9682,0.195402530828069,9271,0.182345652302185,8628,0.171807483223481,8666,0.169155394194921,8443,0.164148925828716,8517,0.162342984579608,8497,0.166591510636212
  Health Care,,2290,0.102681373867815,2542,0.11373092926491,2642,0.118907241550025,2359,0.081118255905918,2536,0.0835750065910889,9636,0.138667434163189,9512,0.134912417559038,—,,7206,0.121725029139006,7142,0.124167666336341,7796,0.125800777783157,5832,0.0995952661509299,8400,0.137154053392114,5879,0.0970901043731008,5212,0.105144240468025,5139,0.105679855227441,5194,0.106123449727234,5254,0.106036448767886,7708,0.151603957280255,7726,0.153846153846154,7976,0.155686986394956,7888,0.153358607951784,8480,0.16163772563521,8416,0.165003431036173
  Beauty,,—,,—,,—,,11547,0.397063374712011,11494,0.37878987608753,10081,0.145071233270974,11140,0.158002978512162,12260,0.166295914491889,11987,0.202486528488657,11825,0.20558424172882,12802,0.206580497329396,8357,0.142715644585617,8396,0.137088741938117,8576,0.141630334258158,4004,0.0807746620940085,3888,0.0799539360039483,4184,0.0854871993952148,4709,0.0950372358675251,5362,0.105461912160966,5531,0.110137597323722,5587,0.109055064316527,6055,0.117721395936619,6196,0.11810228160799,6103,0.119654935790609
  Gillette,,—,,—,,—,,—,,0,,—,,—,,—,,—,,—,,—,,—,,—,,—,,—,,—,,—,,—,,—,,—,,—,,—,,—,,—,
    Blades & Razors,,—,,—,,—,,—,,0,,—,,—,,—,,—,,—,,—,,—,,—,,—,,—,,—,,—,,—,,—,,—,,—,,—,,—,,—,
    Duracell & Braun,,—,,—,,—,,—,,0,,—,,—,,—,,—,,—,,—,,—,,—,,—,,—,,—,,—,,—,,—,,—,,—,,—,,—,,—,
  Beauty and Health,,—,,—,,—,,13906,0.478181630617929,14030,0.462364882678619,—,,—,,—,,—,,—,,—,,—,,—,,—,,—,,—,,—,,—,,—,,—,,—,,—,,—,,—,
  P&G Household Care,,—,,—,,—,,15175,0.521818369382071,16314,0.537635117321381,18657,0.268484674053821,19910,0.282391319764556,21810,0.295833107264934,—,,—,,—,,—,,—,,—,,—,,—,,—,,—,,—,,—,,—,,—,,—,,—,
"    Pet Health, Snacks & Coffee",,—,,—,,—,,2154,0.0740689797462261,2197,0.0724031109939362,—,,—,,—,,—,,—,,—,,—,,—,,—,,—,,—,,—,,—,,—,,—,,—,,—,,—,,—,
"  Snacks, Coffee and Pet Care",,—,,—,,—,,—,,—,,2122,0.0305367678802705,2176,0.0308630593574924,1651,0.0223943356301883,1123,0.0189699150323485,1237,0.0215059371685878,1324,0.0213648319375192,—,,—,,—,,—,,—,,—,,—,,—,,—,,—,,—,,—,,—,
  Snacks & Beverages,,2479,0.111155950139001,2091,0.0935528611695226,2040,0.0918133129303749,—,,—,,—,,—,,—,,—,,—,,—,,—,,—,,—,,—,,—,,—,,—,,—,,—,,—,,—,,—,,—,
  Beauty Care,,3371,0.15115236301677,3798,0.169925282985101,5389,0.242540168324407,—,,—,,—,,—,,—,,—,,—,,—,,—,,—,,—,,—,,—,,—,,—,,—,,—,,—,,—,,—,,—,
  Health and Well-Being,,—,,—,,—,,—,,—,,11758,0.169204202043459,11688,0.165775476916531,12248,0.166133145244425,—,,—,,—,,—,,—,,—,,—,,—,,—,,—,,—,,—,,—,,—,,—,,—,
    Health Care,,—,,—,,—,,—,,—,,—,,—,,10597,0.143738809614237,—,,—,,—,,—,,—,,—,,—,,—,,—,,—,,—,,—,,—,,—,,—,,—,
  Baby & Family Care,,—,,—,,6974,0.313875511949233,7145,0.245693064199993,7272,0.239651990508832,7339,0.105612318319183,7731,0.109651797744841,8102,0.109896370245782,6259,0.105728137299617,6406,0.111371894504425,7184,0.115925190815059,—,,—,,—,,—,,—,,—,,—,,—,,—,,—,,—,,—,,—,
  Beauty & Grooming,,—,,—,,—,,—,,—,,39075,0.56231112390272,38907,0.551833203318914,39666,0.538033747490641,—,,—,,—,,—,,—,,—,,—,,—,,—,,—,,—,,—,,—,,—,,—,,—,
Sales Change - Volume %,,—,,—,,—,,—,,—,,—,,—,,—,,—,,—,,—,,—,,—,,—,,—,,—,,—,,—,,—,,—,,—,,—,,—,,—,
  Grooming,,—,,—,,—,,—,,—,,3,,4,,6,,-5,,1,,3,,1,,0,,1,,-3,,-2,,3,,0,,-1,,-1,,3,,0,,-3,,1,
  Fabric & Home Care,,2,,6,,9,,9,,7,,7,,8,,6,,-3,,6,,5,,-1,,3,,5,,1,,1,,2,,4,,5,,7,,5,,3,,-4,,1,
  Beauty,,—,,—,,—,,10,,8,,6,,5,,3,,-1,,4,,4,,2,,0,,0,,-2,,-2,,1,,2,,2,,2,,3,,0,,-2,,0,
  Health Care,,22,,11,,18,,17,,8,,7,,4,,—,,-3,,3,,5,,0,,3,,2,,-1,,-2,,4,,3,,4,,5,,6,,4,,-1,,-1,
"  Baby , Feminine & Family Care",,-1,,3,,—,,—,,—,,—,,—,,—,,—,,—,,—,,1,,4,,3,,-1,,-2,,2,,-1,,1,,3,,0,,1,,-3,,-2,
  Health Care,,—,,—,,—,,—,,—,,—,,—,,4,,—,,—,,—,,—,,—,,—,,—,,—,,—,,—,,—,,—,,—,,—,,—,,—,
"  Pet Health, Snacks & Coffee",,—,,—,,—,,4,,3,,—,,—,,—,,—,,—,,—,,—,,—,,—,,—,,—,,—,,—,,—,,—,,—,,—,,—,,—,
"  Snacks, Coffee and Pet Care",,—,,—,,—,,—,,—,,3,,0,,2,,-6,,-2,,-2,,—,,—,,—,,—,,—,,—,,—,,—,,—,,—,,—,,—,,—,
  Snacks & Beverages,,-9,,-1,,-2,,—,,—,,—,,—,,—,,—,,—,,—,,—,,—,,—,,—,,—,,—,,—,,—,,—,,—,,—,,—,,—,
  Beauty Care,,4,,5,,8,,—,,—,,—,,—,,—,,—,,—,,—,,—,,—,,—,,—,,—,,—,,—,,—,,—,,—,,—,,—,,—,
  Baby & Family Care,,—,,—,,7,,6,,7,,4,,5,,8,,2,,7,,8,,—,,—,,—,,—,,—,,—,,—,,—,,—,,—,,—,,—,,—,
Sales Change - Prices %,,—,,—,,—,,—,,—,,—,,—,,—,,—,,—,,—,,—,,—,,—,,—,,—,,—,,—,,—,,—,,—,,—,,—,,—,
  Grooming,,—,,—,,—,,—,,—,,—,,2,,2,,5,,4,,2,,2,,2,,4,,4,,5,,-1,,-3,,2,,2,,2,,5,,9,,8,
  Health Care,,1,,-1,,-2,,0,,1,,2,,2,,—,,4,,1,,0,,3,,1,,1,,2,,2,,0,,-1,,1,,1,,1,,3,,5,,4,
  Beauty,,—,,—,,—,,-1,,2,,0,,0,,0,,2,,1,,0,,3,,2,,0,,2,,2,,1,,0,,2,,2,,2,,3,,8,,4,
"  Baby , Feminine & Family Care",,0,,-4,,—,,—,,—,,—,,—,,—,,—,,—,,—,,5,,1,,1,,2,,0,,-1,,-1,,1,,1,,1,,4,,8,,3,
  Fabric & Home Care,,0,,-2,,-1,,-1,,0,,0,,0,,1,,6,,-1,,0,,5,,1,,0,,1,,0,,0,,-1,,1,,1,,1,,5,,11,,3,
  Health Care,,—,,—,,—,,—,,—,,—,,—,,1,,—,,—,,—,,—,,—,,—,,—,,—,,—,,—,,—,,—,,—,,—,,—,,—,
"  Pet Health, Snacks & Coffee",,—,,—,,—,,-1,,0,,—,,—,,—,,—,,—,,—,,—,,—,,—,,—,,—,,—,,—,,—,,—,,—,,—,,—,,—,
"  Snacks, Coffee and Pet Care",,—,,—,,—,,—,,—,,—,,2,,3,,9,,3,,-1,,—,,—,,—,,—,,—,,—,,—,,—,,—,,—,,—,,—,,—,
  Snacks & Beverages,,-2,,-1,,1,,—,,—,,—,,—,,—,,—,,—,,—,,—,,—,,—,,—,,—,,—,,—,,—,,—,,—,,—,,—,,—,
  Beauty Care,,0,,-3,,-2,,—,,—,,—,,—,,—,,—,,—,,—,,—,,—,,—,,—,,—,,—,,—,,—,,—,,—,,—,,—,,—,
  Baby & Family Care,,—,,—,,-3,,-1,,1,,-1,,0,,1,,5,,0,,1,,—,,—,,—,,—,,—,,—,,—,,—,,—,,—,,—,,—,,—,
Sales Change - Currencies %,,—,,—,,—,,—,,—,,—,,—,,—,,—,,—,,—,,—,,—,,—,,—,,—,,—,,—,,—,,—,,—,,—,,—,,—,
  Health Care,,—,,—,,—,,—,,—,,—,,—,,—,,—,,—,,—,,—,,—,,—,,—,,6,,2,,-3,,-3,,-2,,1,,-1,,-4,,0,
  Fabric & Home Care,,—,,—,,—,,—,,—,,—,,—,,—,,—,,—,,—,,—,,—,,—,,—,,6,,2,,-1,,-3,,-1,,1,,-2,,-5,,-1,
"  Baby , Feminine & Family Care",,—,,—,,—,,—,,—,,—,,—,,—,,—,,—,,—,,—,,—,,—,,—,,6,,2,,-1,,-4,,-2,,1,,-1,,-4,,-2,
  Beauty,,—,,—,,—,,—,,—,,—,,—,,—,,—,,—,,—,,—,,—,,—,,—,,6,,2,,-2,,-4,,-2,,2,,0,,-5,,-2,
  Grooming,,—,,—,,—,,—,,—,,—,,—,,—,,—,,—,,—,,—,,—,,—,,—,,9,,2,,-3,,-5,,-3,,0,,-3,,-7,,-5,
Sales Change - Acquisitions & Divestitures %,,—,,—,,—,,—,,—,,—,,—,,—,,—,,—,,—,,—,,—,,—,,—,,—,,—,,—,,—,,—,,—,,—,,—,,—,
  Grooming,,—,,—,,—,,—,,—,,—,,—,,5,,-6,,1,,3,,1,,1,,1,,-3,,1,,1,,1,,-1,,-1,,3,,0,,-3,,1,
  Fabric & Home Care,,1,,6,,9,,7,,9,,8,,8,,6,,-3,,6,,7,,-1,,5,,5,,1,,2,,1,,1,,4,,6,,5,,0,,-4,,1,
  Beauty,,—,,—,,—,,7,,—,,8,,5,,2,,-2,,3,,4,,2,,0,,0,,-4,,3,,1,,0,,3,,3,,3,,0,,-1,,0,
  Health Care,,24,,11,,18,,9,,10,,26,,9,,—,,-4,,3,,5,,1,,2,,2,,-1,,1,,1,,0,,5,,10,,6,,0,,-1,,-1,
"  Baby , Feminine & Family Care",,-1,,3,,—,,—,,—,,—,,—,,—,,—,,—,,—,,1,,4,,4,,-1,,2,,0,,0,,1,,3,,0,,0,,-3,,-2,
  Health Care,,—,,—,,—,,—,,—,,—,,—,,4,,—,,—,,—,,—,,—,,—,,—,,—,,—,,—,,—,,—,,—,,—,,—,,—,
"  Pet Health, Snacks & Coffee",,—,,—,,—,,0,,—,,—,,0,,—,,—,,—,,—,,—,,—,,—,,—,,—,,—,,—,,—,,—,,—,,—,,—,,—,
"  Snacks, Coffee and Pet Care",,—,,—,,—,,—,,—,,—,,—,,2,,-6,,-2,,1,,—,,—,,—,,—,,—,,—,,—,,—,,—,,—,,—,,—,,—,
  Snacks & Beverages,,-13,,-6,,-2,,—,,—,,—,,—,,—,,—,,—,,—,,—,,—,,—,,—,,—,,—,,—,,—,,—,,—,,—,,—,,—,
  Beauty Care,,3,,32,,15,,—,,—,,—,,—,,—,,—,,—,,—,,—,,—,,—,,—,,—,,—,,—,,—,,—,,—,,—,,—,,—,
  Corporate,,—,,—,,8,,—,,—,,—,,—,,—,,—,,—,,—,,—,,—,,—,,—,,—,,—,,—,,—,,—,,—,,—,,—,,—,
  Baby & Family Care,,—,,—,,7,,6,,7,,3,,5,,4,,1,,7,,8,,—,,—,,—,,—,,—,,—,,—,,—,,—,,—,,—,,—,,—,
Sales Change - Mix %,,—,,—,,—,,—,,—,,—,,—,,—,,—,,—,,—,,—,,—,,—,,—,,—,,—,,—,,—,,—,,—,,—,,—,,—,
  Health Care,,-7,,2,,-2,,0,,-2,,2,,1,,—,,-2,,-2,,0,,-1,,2,,-1,,3,,1,,1,,0,,2,,1,,2,,3,,4,,2,
"  Baby , Feminine & Family Care",,2,,2,,—,,—,,—,,—,,—,,—,,—,,—,,—,,0,,0,,0,,2,,0,,0,,0,,0,,1,,1,,1,,1,,1,
  Fabric & Home Care,,2,,-1,,-1,,-1,,-1,,0,,0,,-1,,0,,-1,,-2,,-1,,0,,-1,,0,,0,,1,,0,,1,,1,,3,,0,,1,,1,
  Grooming,,—,,—,,—,,—,,—,,—,,—,,-3,,-2,,-2,,0,,-1,,0,,-2,,0,,-2,,-2,,-1,,0,,0,,1,,0,,-2,,0,
  Beauty,,—,,—,,—,,0,,0,,0,,1,,1,,0,,-1,,-2,,-3,,-1,,0,,0,,0,,2,,5,,4,,1,,1,,-1,,-1,,-1,
  Health Care,,—,,—,,—,,—,,—,,—,,—,,-1,,—,,—,,—,,—,,—,,—,,—,,—,,—,,—,,—,,—,,—,,—,,—,,—,
"  Pet Health, Snacks & Coffee",,—,,—,,—,,1,,-2,,—,,1,,—,,—,,—,,—,,—,,—,,—,,—,,—,,—,,—,,—,,—,,—,,—,,—,,—,
"  Snacks, Coffee and Pet Care",,—,,—,,—,,—,,—,,—,,—,,-1,,-2,,-1,,0,,—,,—,,—,,—,,—,,—,,—,,—,,—,,—,,—,,—,,—,
  Snacks & Beverages,,3,,1,,1,,—,,—,,—,,—,,—,,—,,—,,—,,—,,—,,—,,—,,—,,—,,—,,—,,—,,—,,—,,—,,—,
  Beauty Care,,0,,-7,,-2,,—,,—,,—,,—,,—,,—,,—,,—,,—,,—,,—,,—,,—,,—,,—,,—,,—,,—,,—,,—,,—,
  Baby & Family Care,,—,,—,,1,,-1,,0,,-1,,-1,,0,,-1,,-2,,-2,,—,,—,,—,,—,,—,,—,,—,,—,,—,,—,,—,,—,,—,
Sales Change - Other %,,—,,—,,—,,—,,—,,—,,—,,—,,—,,—,,—,,—,,—,,—,,—,,—,,—,,—,,—,,—,,—,,—,,—,,—,
"  Baby , Feminine & Family Care",,—,,—,,—,,—,,—,,—,,—,,—,,—,,—,,—,,—,,0,,0,,0,,0,,0,,0,,0,,0,,0,,0,,0,,0,
  Health Care,,—,,—,,—,,—,,—,,—,,—,,—,,—,,—,,—,,—,,1,,0,,0,,0,,0,,0,,0,,0,,0,,0,,0,,0,
  Beauty,,—,,—,,—,,—,,—,,—,,—,,—,,—,,—,,—,,—,,-1,,0,,0,,0,,1,,0,,-1,,0,,0,,0,,1,,0,
  Grooming,,—,,—,,—,,—,,—,,—,,—,,—,,—,,—,,—,,—,,-1,,0,,0,,0,,0,,0,,-1,,0,,0,,0,,0,,0,
  Fabric & Home Care,,—,,—,,—,,—,,—,,—,,—,,—,,—,,—,,—,,—,,0,,-1,,-1,,0,,0,,0,,0,,0,,0,,0,,0,,0,
Depreciation and Amortization,,2271,1.0,1693,1.0,1703,1.0,1733,1.0,1884,1.0,2627,1.0,3130,1.0,3166,1.0,3082,1.0,3108,1.0,2838,1.0,3204,1.0,2982,1.0,3141,1.0,3134,1.0,3078,1.0,2820,1.0,2834,1.0,2824,1.0,3013,1.0,2735,1.0,2807,1.0,2714,1.0,2896,1.0
"  Baby , Feminine & Family Care",,673,0.451981195433177,621,0.423601637107776,—,,—,,—,,—,,—,,—,,—,,—,,—,,753,0.293224299065421,837,0.328235294117647,908,0.336047372316802,924,0.375609756097561,886,0.386899563318777,874,0.388617163183637,899,0.383205456095482,861,0.356817239950269,839,0.332936507936508,846,0.328543689320388,826,0.319783197831978,804,0.316286388670338,824,0.311060777651944
  Fabric & Home Care,,328,0.220282068502351,326,0.22237380627558,332,0.218997361477573,352,0.208284023668639,391,0.213778020776381,521,0.198930889652539,573,0.191318864774624,603,0.202010050251256,578,0.20223932820154,604,0.214108472172988,633,0.246016323357948,627,0.244158878504673,544,0.213333333333333,625,0.231310140636566,547,0.222357723577236,531,0.231877729257642,513,0.228101378390396,534,0.227621483375959,557,0.230832987981765,605,0.240079365079365,646,0.250873786407767,672,0.260162601626016,675,0.265538945712038,710,0.268025670064175
  Beauty,,—,,—,,—,,498,0.294674556213018,535,0.292509568069984,380,0.145093547155403,419,0.139899833055092,454,0.152093802345059,465,0.162701189643107,503,0.17830556540234,387,0.150408083948698,379,0.147585669781931,375,0.147058823529412,394,0.145817912657291,247,0.100406504065041,218,0.0951965065502183,220,0.0978212538906181,236,0.100596760443308,272,0.112722751761293,320,0.126984126984127,333,0.129320388349515,348,0.13472706155633,376,0.147915027537372,399,0.150622876557191
  Health Care,,159,0.106783075889859,163,0.11118690313779,156,0.102902374670185,131,0.0775147928994083,161,0.0880262438490979,374,0.142802596410844,439,0.146577629382304,—,,435,0.15220433869839,385,0.136476426799007,359,0.139525845316751,186,0.0724299065420561,191,0.0749019607843137,199,0.0736491487786825,202,0.0821138211382114,204,0.0890829694323144,209,0.0929301911960872,230,0.0980392156862745,294,0.121840033153751,350,0.138888888888889,372,0.144466019417476,376,0.145567169957414,352,0.138473642800944,381,0.143827859569649
  Grooming,,—,,—,,—,,—,,—,,573,0.218785796105384,729,0.243405676126878,739,0.247571189279732,710,0.248425472358293,625,0.22155264090748,645,0.250680139914497,623,0.242601246105919,603,0.236470588235294,576,0.213175425610659,540,0.219512195121951,451,0.196943231441048,433,0.192530013339262,447,0.190537084398977,429,0.177786987152922,406,0.161111111111111,378,0.146796116504854,361,0.139759969028262,335,0.131785995279308,335,0.12646281615704
  Corporate,,782,,227,,187,,43,,55,,8,,135,,181,,224,,287,,265,,636,,432,,439,,674,,788,,571,,488,,411,,493,,160,,224,,172,,247,
  Gillette,,—,,—,,—,,—,,0,,—,,—,,—,,—,,—,,—,,—,,—,,—,,—,,—,,—,,—,,—,,—,,—,,—,,—,,—,
    Blades & Razors,,—,,—,,—,,—,,0,,—,,—,,—,,—,,—,,—,,—,,—,,—,,—,,—,,—,,—,,—,,—,,—,,—,,—,,—,
    Duracell & Braun,,—,,—,,—,,—,,0,,—,,—,,—,,—,,—,,—,,—,,—,,—,,—,,—,,—,,—,,—,,—,,—,,—,,—,,—,
  Beauty and Health,,—,,—,,—,,629,0.372189349112426,696,0.380535811919082,—,,—,,—,,—,,—,,—,,—,,—,,—,,—,,—,,—,,—,,—,,—,,—,,—,,—,,—,
  P&G Household Care,,—,,—,,—,,1061,0.627810650887574,1133,0.619464188080919,1133,0.432607865597556,1244,0.415358931552588,1215,0.407035175879397,—,,—,,—,,—,,—,,—,,—,,—,,—,,—,,—,,—,,—,,—,,—,,—,
"    Pet Health, Snacks & Coffee",,—,,—,,—,,161,0.0952662721893491,162,0.0885729907053035,—,,—,,—,,—,,—,,—,,—,,—,,—,,—,,—,,—,,—,,—,,—,,—,,—,,—,,—,
"  Snacks, Coffee and Pet Care",,—,,—,,—,,—,,—,,159,0.0607101947308133,164,0.0547579298831386,136,0.0455611390284757,100,0.0349895031490553,92,0.032612548741581,—,,—,,—,,—,,—,,—,,—,,—,,—,,—,,—,,—,,—,,—,
  Snacks & Beverages,,146,0.0980523841504365,135,0.092087312414734,125,0.0824538258575198,—,,—,,—,,—,,—,,—,,—,,—,,—,,—,,—,,—,,—,,—,,—,,—,,—,,—,,—,,—,,—,
  Beauty Care,,183,0.122901276024177,221,0.15075034106412,345,0.227572559366755,—,,—,,—,,—,,—,,—,,—,,—,,—,,—,,—,,—,,—,,—,,—,,—,,—,,—,,—,,—,,—,
  Health and Well-Being,,—,,—,,—,,—,,—,,533,0.203512791141657,603,0.201335559265442,577,0.193299832495812,—,,—,,—,,—,,—,,—,,—,,—,,—,,—,,—,,—,,—,,—,,—,,—,
    Health Care,,—,,—,,—,,—,,—,,—,,—,,441,0.147738693467337,—,,—,,—,,—,,—,,—,,—,,—,,—,,—,,—,,—,,—,,—,,—,,—,
  Baby & Family Care,,—,,—,,558,0.368073878627968,548,0.324260355029586,580,0.317113176599235,612,0.233676975945017,671,0.224040066777963,612,0.205025125628141,570,0.199440167949615,612,0.216944345976604,549,0.213369607462106,—,,—,,—,,—,,—,,—,,—,,—,,—,,—,,—,,—,,—,
  Beauty & Grooming,,—,,—,,—,,—,,—,,953,0.363879343260787,1148,0.38330550918197,1193,0.399664991624791,—,,—,,—,,—,,—,,—,,—,,—,,—,,—,,—,,—,,—,,—,,—,,—,
Capital Expenditures,,-2486,,-1679,,-1482,,-2024,,-2181,,-2667,,-2945,,-3046,,-3238,,-3067,,-3306,,-3964,,-4008,,-3848,,-3736,,-3314,,-3384,,-3717,,-3347,,-3073,,-2935,,-3156,,-3062,,-3322,
  Corporate,,-64,,-40,,35,,-51,,-61,,-93,,-206,,-222,,-239,,-187,,-158,,-292,,-296,,-476,,-412,,-323,,-167,,-221,,-180,,-382,,-74,,-235,,-36,,-126,
  Beauty,,—,,—,,—,,-440,0.223010643689812,-535,0.252358490566038,-384,0.149184149184149,-431,0.157356699525374,-465,0.164660056657224,-530,0.176725575191731,-534,0.185416666666667,-504,0.16010165184244,-569,0.154956427015251,-541,0.145743534482759,-376,0.111506524317912,-411,0.123646209386282,-435,0.14543630892678,-599,0.18619832141747,-766,0.219107551487414,-634,0.200189453741711,-397,0.147528799702713,-386,0.134917860887801,-331,0.113317357069497,-287,0.0948446794448116,-280,0.0876095118898623
  Grooming,,—,,—,,—,,—,,—,,-361,0.14024864024864,-314,0.114640379700621,-305,0.10800283286119,-290,0.0966988996332111,-259,0.0899305555555556,-373,0.11848792884371,-392,0.106753812636166,-378,0.101831896551724,-369,0.109430604982206,-372,0.111913357400722,-383,0.128050819124039,-341,0.105999378302767,-364,0.104118993135011,-367,0.115882538680139,-305,0.113340765514679,-291,0.101712687871374,-260,0.0890106128038343,-300,0.0991407799074686,-337,0.105444305381727
  Health Care,,-231,0.0953757225433526,-158,0.0964002440512508,-144,0.0949241924851681,-125,0.0633552965027876,-112,0.0528301886792453,-341,0.132478632478632,-374,0.136546184738956,—,,-397,0.132377459153051,-383,0.132986111111111,-409,0.12992376111817,-251,0.0683551198257081,-248,0.0668103448275862,-253,0.0750296559905101,-218,0.0655836341756919,-240,0.0802407221664995,-283,0.0879701585327945,-330,0.0943935926773455,-363,0.114619513735396,-338,0.1256038647343,-364,0.127228241873471,-410,0.140362889421431,-466,0.153998678122935,-524,0.1639549436796
"  Baby , Feminine & Family Care",,-1179,0.486787778695293,-776,0.473459426479561,—,,—,,—,,—,,—,,—,,—,,—,,—,,-1495,0.407135076252723,-1560,0.420258620689655,-1317,0.390569395017794,-1337,0.40222623345367,-1261,0.421598127716483,-1197,0.372085794218216,-1016,0.290617848970252,-819,0.258604357436059,-764,0.283909327387588,-814,0.284515903530234,-932,0.319068812050668,-994,0.328486450760079,-979,0.306320400500626
  Fabric & Home Care,,-516,0.213047068538398,-368,0.224527150701647,-357,0.235332893869479,-544,0.275722250380132,-647,0.305188679245283,-599,0.232711732711733,-710,0.259218692953633,-763,0.270184135977337,-808,0.269423141047016,-766,0.265972222222222,-950,0.301778907242694,-965,0.262799564270152,-985,0.265355603448276,-1057,0.313463819691578,-986,0.296630565583634,-672,0.224674022066199,-797,0.247746347528753,-1020,0.291762013729977,-984,0.310704136406694,-887,0.329617242660721,-1006,0.35162530583712,-988,0.33824032865457,-979,0.323529411764706,-1076,0.336670838548185
  Gillette,,—,,—,,—,,—,,0,,—,,—,,—,,—,,—,,—,,—,,—,,—,,—,,—,,—,,—,,—,,—,,—,,—,,—,,—,
    Blades & Razors,,—,,—,,—,,—,,0,,—,,—,,—,,—,,—,,—,,—,,—,,—,,—,,—,,—,,—,,—,,—,,—,,—,,—,,—,
    Duracell & Braun,,—,,—,,—,,—,,0,,—,,—,,—,,—,,—,,—,,—,,—,,—,,—,,—,,—,,—,,—,,—,,—,,—,,—,,—,
  Beauty and Health,,—,,—,,—,,-565,0.2863659401926,-647,0.305188679245283,—,,—,,—,,—,,—,,—,,—,,—,,—,,—,,—,,—,,—,,—,,—,,—,,—,,—,,—,
  P&G Household Care,,—,,—,,—,,-1408,0.7136340598074,-1473,0.694811320754717,-1338,0.51981351981352,-1479,0.539978094194962,-1526,0.540368271954674,—,,—,,—,,—,,—,,—,,—,,—,,—,,—,,—,,—,,—,,—,,—,,—,
"    Pet Health, Snacks & Coffee",,—,,—,,—,,-157,0.0795742524075013,-142,0.0669811320754717,—,,—,,—,,—,,—,,—,,—,,—,,—,,—,,—,,—,,—,,—,,—,,—,,—,,—,,—,
"  Snacks, Coffee and Pet Care",,—,,—,,—,,—,,—,,-150,0.0582750582750583,-141,0.0514786418400876,-78,0.0276203966005666,-72,0.0240080026675559,-86,0.0298611111111111,—,,—,,—,,—,,—,,—,,—,,—,,—,,—,,—,,—,,—,,—,
  Snacks & Beverages,,-235,0.097027250206441,-137,0.0835875533862111,-125,0.0823994726433751,—,,—,,—,,—,,—,,—,,—,,—,,—,,—,,—,,—,,—,,—,,—,,—,,—,,—,,—,,—,,—,
  Beauty Care,,-261,0.107762180016515,-200,0.12202562538133,-343,0.226104152933421,—,,—,,—,,—,,—,,—,,—,,—,,—,,—,,—,,—,,—,,—,,—,,—,,—,,—,,—,,—,,—,
  Health and Well-Being,,—,,—,,—,,—,,—,,-491,0.190753690753691,-515,0.188024826579043,-528,0.186968838526912,—,,—,,—,,—,,—,,—,,—,,—,,—,,—,,—,,—,,—,,—,,—,,—,
    Health Care,,—,,—,,—,,—,,—,,—,,—,,-450,0.159348441926346,—,,—,,—,,—,,—,,—,,—,,—,,—,,—,,—,,—,,—,,—,,—,,—,
  Baby & Family Care,,—,,—,,-548,0.361239288068556,-707,0.358337557019767,-684,0.322641509433962,-739,0.287101787101787,-769,0.280759401241329,-763,0.270184135977337,-902,0.300766922307436,-852,0.295833333333333,-912,0.289707750952986,—,,—,,—,,—,,—,,—,,—,,—,,—,,—,,—,,—,,—,
  Beauty & Grooming,,—,,—,,—,,—,,—,,-745,0.289432789432789,-745,0.271997079225995,-770,0.272662889518414,—,,—,,—,,—,,—,,—,,—,,—,,—,,—,,—,,—,,—,,—,,—,,—,
Source: Bloomberg,,,,,,,,,,,,,,,,,,,,,,,,,,,,,,,,,,,,,,,,,,,,,,,,,
