Unnamed: 0,Unnamed: 1,Unnamed: 2,Unnamed: 3,Unnamed: 4,Unnamed: 5,Unnamed: 6,Unnamed: 7,Unnamed: 8,Unnamed: 9,Unnamed: 10,Unnamed: 11,Unnamed: 12,Unnamed: 13,Unnamed: 14,Unnamed: 15,Unnamed: 16,Unnamed: 17,Unnamed: 18,Unnamed: 19,Unnamed: 20,Unnamed: 21,Unnamed: 22,Unnamed: 23,Unnamed: 24,Unnamed: 25,Unnamed: 26,Unnamed: 27,Unnamed: 28,Unnamed: 29,Unnamed: 30,Unnamed: 31,Unnamed: 32,Unnamed: 33,Unnamed: 34,Unnamed: 35,Unnamed: 36,Unnamed: 37,Unnamed: 38,Unnamed: 39,Unnamed: 40,Unnamed: 41,Unnamed: 42,Unnamed: 43,Unnamed: 44,Unnamed: 45,Unnamed: 46,Unnamed: 47,Unnamed: 48,Unnamed: 49,Unnamed: 50,Unnamed: 51,Unnamed: 52,Unnamed: 53,Unnamed: 54,Unnamed: 55,Unnamed: 56,Unnamed: 57,Unnamed: 58,Unnamed: 59,Unnamed: 60,Unnamed: 61,Unnamed: 62,Unnamed: 63,Unnamed: 64,Unnamed: 65,Unnamed: 66,Unnamed: 67,Unnamed: 68,Unnamed: 69,Unnamed: 70,Unnamed: 71,Unnamed: 72,Unnamed: 73,Unnamed: 74,Unnamed: 75,Unnamed: 76,Unnamed: 77,Unnamed: 78,Unnamed: 79,Unnamed: 80,Unnamed: 81
CSX Corp (CSX US) - By Measure,,,,,,,,,,,,,,,,,,,,,,,,,,,,,,,,,,,,,,,,,,,,,,,,,,,,,,,,,,,,,,,,,,,,,,,,,,,,,,,,,
,,,,,,,,,,,,,,,,,,,,,,,,,,,,,,,,,,,,,,,,,,,,,,,,,,,,,,,,,,,,,,,,,,,,,,,,,,,,,,,,,
In Millions of USD except Per Share,,Q1 2014,,Q2 2014,,Q3 2014,,Q4 2014,,Q1 2015,,Q2 2015,,Q3 2015,,Q4 2015,,Q1 2016,,Q2 2016,,Q3 2016,,Q4 2016,,Q1 2017,,Q2 2017,,Q3 2017,,Q4 2017,,Q1 2018,,Q2 2018,,Q3 2018,,Q4 2018,,Q1 2019,,Q2 2019,,Q3 2019,,Q4 2019,,Q1 2020,,Q2 2020,,Q3 2020,,Q4 2020,,Q1 2021,,Q2 2021,,Q3 2021,,Q4 2021,,Q1 2022,,Q2 2022,,Q3 2022,,Q4 2022,,Q1 2023,,Q2 2023,,Q3 2023,,Q4 2023,
3 Months Ending,,03/28/2014,,06/27/2014,,09/26/2014,,12/26/2014,,03/27/2015,,06/26/2015,,09/25/2015,,12/25/2015,,03/25/2016,,06/24/2016,,09/23/2016,,12/30/2016,,03/31/2017,,06/30/2017,,09/30/2017,,12/31/2017,,03/31/2018,,06/30/2018,,09/30/2018,,12/31/2018,,03/31/2019,,06/30/2019,,09/30/2019,,12/31/2019,,03/31/2020,,06/30/2020,,09/30/2020,,12/31/2020,,03/31/2021,,06/30/2021,,09/30/2021,,12/31/2021,,03/31/2022,,06/30/2022,,09/30/2022,,12/31/2022,,03/31/2023,,06/30/2023,,09/30/2023,,12/31/2023,
Revenue,,3012,1.0,3244,1.0,3221,1.0,3192,1.0,3027,1.0,3064,1.0,2939,1.0,2781,1.0,2618,1.0,2704,1.0,2710,1.0,3037,1.0,2869,1.0,2933,1.0,2743,1.0,2863,1.0,2876,1.0,3102,1.0,3129,1.0,3143,1.0,3013,1.0,3061,1.0,2978,1.0,2885,1.0,2857,1.0,2255,1.0,2648,1.0,2825,1.0,2813,1.0,2990,1.0,3292,1.0,3427,1.0,3413,1.0,3815,1.0,3895,1.0,3730,1.0,3706,1.0,3699,1.0,3572,1.0,3680,1.0
  Merchandise,,1787,0.593293492695883,1971,0.607583230579531,1927,0.598261409500155,1923,0.602443609022556,1809,0.597621407333994,1858,0.606396866840731,1819,0.618917999319496,1785,0.64185544768069,1734,0.662337662337662,1772,0.655325443786982,1741,0.642435424354244,1895,0.623971024036879,1839,0.640989891948414,1798,0.613024207296284,1688,0.615384615384615,1743,0.60880195599022,1779,0.618567454798331,1907,0.614764667956157,1890,0.604026845637584,1915,0.609290486796055,1879,0.62363093262529,1944,0.635086573015354,1906,0.64002686366689,1860,0.64471403812825,1929,0.675183759187959,1508,0.668736141906874,1777,0.67107250755287,1864,0.659823008849557,1818,0.646285104870245,1903,0.636454849498328,1881,0.57138517618469,1937,0.565217391304348,1921,0.562847934368591,2101,0.550720838794233,2143,0.550192554557125,2074,0.556032171581769,2163,0.583648138154344,2196,0.59367396593674,2112,0.591265397536394,2182,0.592934782608696
    Chemicals,,516,0.171314741035857,556,0.171393341553637,558,0.173238124805961,548,0.171679197994987,534,0.176412289395441,530,0.172976501305483,582,0.198026539639333,548,0.197051420352391,546,0.20855614973262,534,0.197485207100592,542,0.2,569,0.187355943365163,566,0.197281282676891,552,0.188203204909649,546,0.199052132701422,546,0.190709046454768,557,0.193671766342142,588,0.189555125725338,596,0.19047619047619,598,0.190264078905504,588,0.195154331231331,591,0.193074158771643,590,0.198119543317663,577,0.2,626,0.219110955547777,531,0.235476718403548,566,0.213746223564955,586,0.207433628318584,580,0.206185567010309,606,0.202675585284281,624,0.18955042527339,611,0.178290049606069,618,0.181072370348667,666,0.174574049803408,678,0.174069319640565,622,0.166756032171582,650,0.175391257420399,642,0.173560421735604,646,0.180851063829787,661,0.179619565217391
    Agriculture & Food Product,,—,,—,,—,,367,0.114974937343358,—,,—,,321,0.109220823409323,335,0.120460266091334,323,0.123376623376623,307,0.11353550295858,295,0.108856088560886,361,0.118867303259796,332,0.115719762983618,321,0.109444255028981,288,0.104994531534816,321,0.112120153684946,307,0.106745479833102,327,0.10541586073501,325,0.103867050175775,347,0.110404072542157,344,0.114171921672751,358,0.116955243384515,354,0.118871725990598,354,0.122703639514731,365,0.127756387819391,311,0.137915742793792,335,0.126510574018127,375,0.132743362831858,349,0.1240668325631,370,0.123745819397993,343,0.104191980558931,399,0.116428362999708,387,0.113389979490185,412,0.107994757536042,428,0.109884467265725,437,0.1171581769437,437,0.117916891527253,415,0.112192484455258,376,0.105263157894737,429,0.116576086956522
    Automotive,,275,0.0913014608233732,321,0.0989519112207152,305,0.0946910897236883,312,0.0977443609022556,267,0.0882061446977205,313,0.102154046997389,287,0.097652262674379,308,0.110751528227256,290,0.110771581359817,313,0.115754437869822,304,0.112177121771218,354,0.116562397102404,316,0.110142906936215,307,0.104670985339243,269,0.0980678089682829,303,0.10583304226336,304,0.105702364394993,330,0.106382978723404,300,0.0958772770853308,333,0.105949729557747,311,0.103219382675075,329,0.107481215289121,297,0.0997313633310947,299,0.103639514731369,281,0.0983549177458873,93,0.0412416851441242,271,0.102341389728097,275,0.0973451327433628,236,0.083896196231781,216,0.0722408026755853,209,0.0634872417982989,225,0.0656550919171287,227,0.0665104014063873,268,0.0702490170380079,274,0.0703465982028241,285,0.0764075067024129,274,0.0739341608202914,323,0.0873208975398756,308,0.0862262038073908,314,0.0853260869565217
    Forest Products,,194,0.0644090305444887,210,0.0647348951911221,209,0.0648866811549208,206,0.0645363408521303,198,0.0654112983151635,202,0.0659268929503916,203,0.0690711126233413,193,0.0693994965839626,189,0.072192513368984,192,0.0710059171597633,191,0.070479704797048,201,0.066183733947975,192,0.0669222725688393,194,0.0661438799863621,181,0.0659861465548669,188,0.0656653859587845,195,0.0678025034770515,215,0.0693101225016119,223,0.0712687759667625,217,0.0690423162583519,212,0.0703617656820445,223,0.0728520091473375,222,0.0745466756212223,214,0.0741767764298094,219,0.0766538326916346,194,0.0860310421286031,214,0.0808157099697885,209,0.0739823008849557,220,0.0782083185211518,233,0.0779264214046823,231,0.0701701093560146,234,0.0682812955938138,228,0.0668033987694111,251,0.0657929226736566,264,0.0677792041078305,253,0.067828418230563,261,0.0704263356718834,257,0.069478237361449,243,0.0680291153415453,251,0.0682065217391304
    Metal & Equipment,,—,,—,,—,,169,0.0529448621553885,—,,—,,190,0.0646478394011569,168,0.0604099244875944,165,0.0630252100840336,186,0.0687869822485207,180,0.0664206642066421,173,0.0569641093184063,190,0.0662251655629139,178,0.0606887146266621,178,0.0648924535180459,157,0.0548375829549424,186,0.064673157162726,198,0.0638297872340425,205,0.0655161393416427,180,0.0572701240852689,189,0.0627281778957849,187,0.0610911466840902,195,0.0654801880456682,170,0.0589254766031196,199,0.0696534826741337,142,0.0629711751662971,159,0.0600453172205438,175,0.0619469026548673,186,0.0661215783860647,204,0.0682274247491639,206,0.0625759416767922,200,0.0583600817041144,197,0.0577204805156754,216,0.0566186107470511,211,0.0541720154043646,204,0.0546916890080429,239,0.0644900161899622,240,0.064882400648824,225,0.062989921612542,213,0.0578804347826087
    Minerals,,95,0.0315405046480744,123,0.0379161528976572,127,0.0394287488357653,114,0.0357142857142857,103,0.0340270895275851,123,0.0401436031331593,125,0.0425314732902348,113,0.0406328658755843,94,0.0359052711993888,126,0.0465976331360947,125,0.0461254612546125,119,0.0391834046756668,114,0.0397350993377483,128,0.0436413228775997,120,0.04374772147284,115,0.0401676563045756,114,0.0396383866481224,137,0.0441650548033527,137,0.0437839565356344,130,0.0413617562838053,125,0.0414868901427149,144,0.0470434498529892,147,0.0493619879113499,138,0.0478336221837088,127,0.0444522226111306,134,0.0594235033259424,144,0.054380664652568,133,0.0470796460176991,125,0.0444365446142908,152,0.0508361204013378,162,0.0492102065613609,148,0.0431864604610446,144,0.0421916202754175,170,0.0445609436435125,180,0.0462130937098845,164,0.0439678284182306,173,0.0466810577441986,191,0.0516355771830224,190,0.0531914893617021,179,0.0486413043478261
    Fertilizers,,134,0.0444887118193891,143,0.0440813810110974,127,0.0394287488357653,130,0.0407268170426065,136,0.0449289725801123,122,0.0398172323759791,111,0.0377679482817285,120,0.0431499460625674,127,0.0485103132161956,114,0.0421597633136095,104,0.0383763837638376,118,0.0388541323674679,129,0.0449634018821889,118,0.0402318445277872,106,0.038643820634342,113,0.0394690883688439,116,0.0403337969401947,112,0.0361057382333978,104,0.033237456056248,110,0.0349984091632199,110,0.0365084633255891,112,0.0365893498856583,101,0.0339153794492948,108,0.0374350086655113,112,0.0392019600980049,103,0.0456762749445676,88,0.0332326283987915,111,0.0392920353982301,122,0.0433700675435478,122,0.0408026755852843,106,0.0321992709599028,120,0.0350160490224686,120,0.0351596835628479,118,0.0309305373525557,108,0.0277278562259307,109,0.0292225201072386,129,0.0348084187803562,128,0.0346039470127061,124,0.0347144456886898,135,0.0366847826086957
    Housing and Construction,,348,0.115537848605578,412,0.127003699136868,430,0.133498913380938,320,0.100250626566416,363,0.1199207135778,403,0.131527415143603,328,0.111602585913576,306,0.110032362459547,283,0.108097784568373,318,0.117603550295858,316,0.116605166051661,—,,—,,—,,—,,—,,—,,—,,—,,—,,—,,—,,—,,—,,—,,—,,—,,—,,—,,—,,—,,—,,—,,—,,—,,—,,—,,—,,—,,—,
      Waste & Equipment,,59,0.0195883134130146,79,0.0243526510480888,94,0.0291834833902515,—,,62,0.0204823257350512,78,0.0254569190600522,—,,—,,—,,—,,—,,—,,—,,—,,—,,—,,—,,—,,—,,—,,—,,—,,—,,—,,—,,—,,—,,—,,—,,—,,—,,—,,—,,—,,—,,—,,—,,—,,—,,—,
    Agricultural,,483,0.160358565737052,498,0.153514180024661,451,0.140018627755355,497,0.155701754385965,491,0.162206805417906,456,0.148825065274151,432,0.146988771691051,455,0.163610212153901,450,0.171886936592819,421,0.155695266272189,399,0.147232472324723,—,,—,,—,,—,,—,,—,,—,,—,,—,,—,,—,,—,,—,,—,,—,,—,,—,,—,,—,,—,,—,,—,,—,,—,,—,,—,,—,,—,,—,
      Food and Consumer,,65,0.0215803452855246,70,0.0215782983970407,64,0.0198696057125116,—,,64,0.0211430459200529,68,0.0221932114882506,—,,—,,—,,—,,—,,—,,—,,—,,—,,—,,—,,—,,—,,—,,—,,—,,—,,—,,—,,—,,—,,—,,—,,—,,—,,—,,—,,—,,—,,—,,—,,—,,—,,—,
      Agriculture  Products,,284,0.0942895086321381,285,0.0878545006165228,260,0.0807202732070786,—,,291,0.0961347869177403,266,0.0868146214099217,—,,—,,—,,—,,—,,—,,—,,—,,—,,—,,—,,—,,—,,—,,—,,—,,—,,—,,—,,—,,—,,—,,—,,—,,—,,—,,—,,—,,—,,—,,—,,—,,—,,—,
    Industrial,,956,0.317397078353254,1061,0.327065351418002,1046,0.324743868363862,1029,0.322368421052632,955,0.315493888338289,999,0.326044386422977,1059,0.360326641714869,1024,0.368212873067242,1001,0.382352941176471,1033,0.382026627218935,1026,0.37859778597786,—,,—,,—,,—,,—,,—,,—,,—,,—,,—,,—,,—,,—,,—,,—,,—,,—,,—,,—,,—,,—,,—,,—,,—,,—,,—,,—,,—,,—,
      Metals,,165,0.0547808764940239,184,0.0567200986436498,183,0.056814653834213,—,,154,0.0508754542451272,156,0.0509138381201044,—,,—,,—,,—,,—,,—,,—,,—,,—,,—,,—,,—,,—,,—,,—,,—,,—,,—,,—,,—,,—,,—,,—,,—,,—,,—,,—,,—,,—,,—,,—,,—,,—,,—,
  Coal,,662,0.219787516600266,744,0.229346485819975,721,0.223843526855014,722,0.226190476190476,638,0.210769739015527,630,0.205613577023499,583,0.198366791425655,449,0.161452714850773,399,0.152406417112299,416,0.153846153846154,467,0.172324723247232,551,0.181429041817583,522,0.181944928546532,530,0.180702352540061,514,0.187386073641998,541,0.188962626615438,503,0.174895688456189,569,0.183430045132173,588,0.187919463087248,586,0.186446070633153,538,0.178559575174245,557,0.181966677556354,516,0.173270651443922,459,0.159098786828423,405,0.141757087854393,287,0.127272727272727,330,0.124622356495468,375,0.132743362831858,384,0.136509065055101,423,0.141471571906355,460,0.139732685297691,523,0.152611613656259,533,0.15616759449165,651,0.170642201834862,624,0.160205391527599,626,0.167828418230563,633,0.170804101457097,637,0.17220870505542,594,0.166293393057111,620,0.168478260869565
  Intermodal,,421,0.139774236387782,449,0.138409371146732,455,0.141260478112387,465,0.145676691729323,415,0.137099438387843,450,0.146866840731071,451,0.153453555631167,446,0.160373966199209,405,0.154698242933537,419,0.154955621301775,425,0.156826568265683,477,0.157062891010866,434,0.151272220285814,448,0.152744630071599,446,0.162595698140722,471,0.164512748864827,449,0.156119610570236,490,0.157962604771115,500,0.159795461808885,492,0.156538339166402,428,0.142051111848656,436,0.142437112054884,447,0.150100738750839,449,0.155632582322357,422,0.147707385369268,359,0.15920177383592,445,0.168051359516616,476,0.168495575221239,468,0.166370423035905,511,0.170903010033445,509,0.154617253948967,551,0.160782025094835,527,0.154409610313507,602,0.157798165137615,604,0.155070603337612,573,0.153619302949062,499,0.134646519158122,492,0.133008921330089,517,0.144736842105263,552,0.15
  Trucking,,—,,—,,—,,—,,—,,—,,—,,—,,—,,—,,—,,—,,—,,—,,—,,—,,—,,—,,—,,—,,—,,—,,—,,—,,—,,—,,0,,0,,0,,0,,200,0.0607533414337789,210,0.0612780857893201,230,0.0673893934954585,259,0.0678899082568807,251,0.0644415917843389,226,0.0605898123324397,233,0.0628710199676201,227,0.061367937280346,218,0.061030235162374,204,0.0554347826086957
  Other,,142,0.0471447543160691,80,0.0246609124537608,118,0.0366345855324433,82,0.0256892230576441,165,0.0545094152626363,126,0.0411227154046997,86,0.0292616536236815,101,0.0363178712693276,80,0.0305576776165011,97,0.0358727810650888,77,0.0284132841328413,114,0.0375370431346724,74,0.0257929592192402,157,0.0535288100920559,95,0.034633612832665,108,0.0377226685295145,145,0.0504172461752434,136,0.0438426821405545,151,0.0482582294662832,150,0.0477251034043907,168,0.0557583803518088,124,0.0405096373734074,109,0.0366017461383479,117,0.0405545927209705,101,0.0353517675883794,101,0.0447893569844789,96,0.0362537764350453,110,0.0389380530973451,143,0.0508354070387487,153,0.0511705685618729,242,0.0735115431348724,206,0.0601108841552378,202,0.059185467330794,202,0.0529488859764089,273,0.0700898587933248,231,0.0619302949061662,178,0.0480302212628171,147,0.0397404703974047,131,0.0366741321388578,122,0.0331521739130435
Sales Volume,,—,,—,,—,,—,,—,,—,,—,,—,,—,,—,,—,,—,,—,,—,,—,,—,,—,,—,,—,,—,,1531000,1.0,1581,1.0,1475,1.0,—,,1514000,1.0,1257000,1.0,1522000,1.0,1599000,1.0,1529000,1.0,1591000,1.0,1563000,1.0,1570000,1.0,1498000,1.0,1594000,1.0,1587000,1.0,1539000,1.0,—,,1546000,1.0,1550000,1.0,1560000,1.0
  Intermodal,,—,,—,,—,,—,,—,,—,,—,,—,,—,,—,,—,,—,,—,,—,,—,,—,,—,,—,,—,,—,,657000,0.429131286740692,658,0.416192283364959,673,0.456271186440678,—,,660000,0.435931307793923,586000,0.466189339697693,717000,0.471090670170828,757000,0.473420888055034,726000,0.474820143884892,752000,0.472658705216845,744000,0.476007677543186,754000,0.480254777070064,722000,0.481975967957276,759000,0.476160602258469,762000,0.480151228733459,720000,0.467836257309941,—,,684000,0.442432082794308,708000,0.456774193548387,720000,0.461538461538462
  Merchandise,,—,,—,,—,,—,,—,,—,,—,,—,,—,,—,,—,,—,,—,,—,,—,,—,,—,,—,,—,,—,,662000,0.432397126061398,697,0.440860215053763,683,0.463050847457627,—,,673000,0.444517833553501,544000,0.432776451869531,650000,0.427069645203679,668000,0.41776110068793,631000,0.412688031393067,656000,0.412319296040226,639000,0.408829174664108,645000,0.410828025477707,621000,0.414552736982643,657000,0.412170639899624,648000,0.408317580340265,632000,0.410656270305393,—,,677000,0.437904269081501,649000,0.418709677419355,648000,0.415384615384615
    Chemicals,,—,,—,,—,,—,,—,,—,,—,,—,,—,,—,,—,,—,,—,,—,,—,,—,,—,,—,,—,,—,,167000,0.109079033311561,172,0.108791903858318,166,0.112542372881356,—,,178000,0.117569352708058,152000,0.120922832140016,165000,0.108409986859396,169000,0.105691056910569,163000,0.106605624591236,167000,0.104965430546826,166000,0.106206014075496,163000,0.103821656050955,161000,0.107476635514019,165000,0.103513174404015,162000,0.102079395085066,153000,0.0994152046783626,—,,160000,0.103492884864166,161000,0.103870967741935,161000,0.103205128205128
    Agriculture & Food Product,,—,,—,,—,,—,,—,,—,,—,,—,,—,,—,,—,,—,,—,,—,,—,,—,,—,,—,,—,,—,,114000,0.0744611365120836,118,0.0746363061353574,119,0.0806779661016949,—,,121000,0.0799207397622193,102000,0.081145584725537,115000,0.0755584756898817,125000,0.0781738586616635,116000,0.0758665794637018,117000,0.0735386549340038,109000,0.0697376839411388,125000,0.0796178343949045,118000,0.0787716955941255,120000,0.0752823086574655,120000,0.0756143667296786,123000,0.0799220272904483,—,,118000,0.0763260025873221,108000,0.0696774193548387,120000,0.0769230769230769
    Automotive,,—,,—,,—,,—,,—,,—,,—,,—,,—,,—,,—,,—,,—,,—,,—,,—,,—,,—,,—,,—,,115000,0.0751143043762247,121,0.0765338393421885,110,0.0745762711864407,—,,104000,0.0686922060766182,35000,0.0278440731901352,102000,0.0670170827858081,103000,0.0644152595372108,87000,0.0568999345977763,77000,0.0483972344437461,75000,0.0479846449136276,79000,0.0503184713375796,78000,0.0520694259012016,85000,0.0533249686323714,85000,0.0535601764335224,90000,0.0584795321637427,—,,103000,0.0666235446313066,101000,0.0651612903225806,98000,0.0628205128205128
    Minerals,,—,,—,,—,,—,,—,,—,,—,,—,,—,,—,,—,,—,,—,,—,,—,,—,,—,,—,,—,,—,,70000,0.0457217504898759,89,0.0562934851359899,90,0.0610169491525424,—,,74000,0.0488771466314399,83000,0.066030230708035,86000,0.0565045992115637,78000,0.0487804878048781,67000,0.0438194898626553,87000,0.0546825895663105,90000,0.0575815738963532,81000,0.0515923566878981,72000,0.048064085447263,90000,0.0564617314930991,91000,0.0573408947700063,84000,0.0545808966861598,—,,95000,0.0614489003880983,95000,0.0612903225806452,85000,0.0544871794871795
    Forest Products,,—,,—,,—,,—,,—,,—,,—,,—,,—,,—,,—,,—,,—,,—,,—,,—,,—,,—,,—,,—,,70000,0.0457217504898759,73,0.0461733080328906,73,0.0494915254237288,—,,73000,0.0482166446499339,64000,0.050914876690533,74000,0.0486202365308804,69000,0.0431519699812383,73000,0.0477436232831916,75000,0.0471401634192332,75000,0.0479846449136276,73000,0.0464968152866242,70000,0.0467289719626168,74000,0.0464240903387704,75000,0.0472589792060491,72000,0.0467836257309941,—,,72000,0.0465717981888745,67000,0.0432258064516129,70000,0.0448717948717949
    Metal & Equipment,,—,,—,,—,,—,,—,,—,,—,,—,,—,,—,,—,,—,,—,,—,,—,,—,,—,,—,,—,,—,,64000,0.0418027433050294,63,0.0398481973434535,65,0.0440677966101695,—,,67000,0.0442536327608983,48000,0.0381861575178998,58000,0.038107752956636,66000,0.0412757973733583,68000,0.0444735120994114,71000,0.0446260213702074,70000,0.0447856685860525,68000,0.043312101910828,66000,0.0440587449933244,69000,0.0432873274780427,67000,0.0422180214240706,65000,0.0422352176738142,—,,74000,0.0478654592496766,70000,0.0451612903225806,67000,0.0429487179487179
    Fertilizers,,—,,—,,—,,—,,—,,—,,—,,—,,—,,—,,—,,—,,—,,—,,—,,—,,—,,—,,—,,—,,62000,0.0404964075767472,61,0.0385831752055661,60,0.0406779661016949,—,,56000,0.0369881109643329,60000,0.0477326968973747,50000,0.0328515111695138,58000,0.0362726704190119,57000,0.0372792674950948,62000,0.0389692017598994,54000,0.0345489443378119,56000,0.0356687898089172,56000,0.0373831775700935,54000,0.0338770388958595,48000,0.0302457466918715,45000,0.0292397660818713,—,,55000,0.0355756791720569,47000,0.0303225806451613,47000,0.0301282051282051
  Coal,,—,,—,,—,,—,,—,,—,,—,,—,,—,,—,,—,,—,,—,,—,,—,,—,,—,,—,,—,,—,,212000,0.13847158719791,226,0.142947501581278,119,0.0806779661016949,—,,181000,0.119550858652576,127000,0.101034208432776,155000,0.101839684625493,174000,0.108818011257036,172000,0.112491824722041,183000,0.115021998742929,180000,0.115163147792706,171000,0.108917197452229,155000,0.10347129506008,178000,0.111668757841907,177000,0.111531190926276,187000,0.121507472384665,—,,185000,0.119663648124191,193000,0.124516129032258,192000,0.123076923076923
  Trucking,,—,,—,,—,,—,,—,,—,,—,,—,,—,,—,,—,,—,,—,,—,,—,,—,,—,,—,,—,,—,,—,,—,,—,,—,,—,,—,,—,,0,,0,,0,,0,,0,,0,,0,,0,,0,,—,,0,,0,,0,
  Other,,—,,—,,—,,—,,—,,—,,—,,—,,—,,—,,—,,—,,—,,—,,—,,—,,—,,—,,—,,—,,0,,0,,0,,—,,0,,0,,0,,0,,0,,0,,0,,0,,0,,0,,0,,0,,—,,0,,0,,0,
Revenue Per Unit,,—,,—,,—,,—,,—,,—,,—,,—,,—,,—,,—,,—,,—,,—,,—,,—,,—,,—,,—,,—,,—,,—,,—,,—,,—,,—,,—,,—,,—,,—,,—,,—,,—,,—,,—,,—,,—,,—,,—,,—,
  Merchandise,,2628,,2593,,2576,,2585,,2618,,2507,,2526,,2521,,2577,,2510,,2538,,2571,,2631,,2591,,2593,,2649,,2771,,2768,,2767,,2792,,2838,,2789,,2791,,2797,,2863,,2772,,2734,,2790,,2881,,2901,,2944,,3003,,3093,,3198,,3307,,3282,,3343,,3244,,3254,,3367,
    Chemicals,,3534,,3541,,3509,,3468,,3445,,3354,,3112,,3114,,3120,,3105,,3133,,3161,,3234,,3266,,3329,,3329,,3438,,3479,,3465,,3477,,3521,,3436,,3554,,3540,,3517,,3493,,3430,,3467,,3558,,3629,,3759,,3748,,3839,,4036,,4185,,4065,,4063,,4013,,4012,,4106,
    Forest Products,,2622,,2658,,2714,,2675,,2712,,2730,,2781,,2757,,2779,,2824,,2809,,2871,,2866,,2896,,2828,,2848,,2910,,3028,,3014,,2973,,3029,,3055,,3041,,3014,,3056,,3031,,3075,,3029,,3014,,3107,,3080,,3205,,3257,,3392,,3520,,3514,,3575,,3569,,3627,,3586,
    Agriculture & Food Product,,—,,—,,—,,—,,—,,—,,2653,,2680,,2669,,2647,,2706,,2756,,2744,,2816,,2717,,2841,,2869,,2920,,2902,,2991,,3018,,3034,,2975,,3000,,3017,,3049,,2913,,3000,,3009,,3162,,3147,,3192,,3280,,3433,,3567,,3553,,3582,,3517,,3481,,3575,
    Automotive,,2806,,2816,,2798,,2737,,2644,,2608,,2633,,2567,,2566,,2587,,2643,,2662,,2655,,2647,,2562,,2590,,2714,,2797,,2703,,2730,,2704,,2719,,2700,,2718,,2702,,2657,,2657,,2670,,2713,,2805,,2787,,2848,,2910,,3153,,3224,,3167,,3186,,3136,,3050,,3204,
    Metal & Equipment,,—,,—,,—,,—,,—,,—,,2639,,2585,,2661,,2620,,2857,,2746,,2714,,2657,,2781,,2855,,2906,,2870,,2971,,2769,,2953,,2968,,3000,,3036,,2970,,2958,,2741,,2652,,2735,,2873,,2943,,2941,,2985,,3130,,3149,,3138,,3274,,3243,,3214,,3179,
    Fertilizers,,1614,,1663,,1549,,1646,,1744,,1564,,1563,,1622,,1671,,1583,,1444,,1475,,1675,,1513,,1559,,1662,,1813,,1750,,1733,,1833,,1774,,1836,,1683,,1800,,1931,,1717,,1684,,1914,,2140,,1968,,1963,,2143,,2143,,2185,,2250,,2422,,2580,,2327,,2638,,2872,
    Minerals,,1759,,1538,,1530,,1500,,1717,,1464,,1455,,1449,,1621,,1465,,1453,,1488,,1629,,1542,,1500,,1533,,1727,,1593,,1612,,1667,,1786,,1618,,1633,,1586,,1716,,1614,,1674,,1705,,1866,,1747,,1800,,1827,,2000,,1889,,1978,,1952,,2084,,2011,,2000,,2106,
    Waste & Equipment,,1903,,1975,,2043,,—,,2000,,1902,,—,,—,,—,,—,,—,,—,,—,,—,,—,,—,,—,,—,,—,,—,,—,,—,,—,,—,,—,,—,,—,,—,,—,,—,,—,,—,,—,,—,,—,,—,,—,,—,,—,,—,
    Metals,,2538,,2486,,2577,,—,,2525,,2557,,—,,—,,—,,—,,—,,—,,—,,—,,—,,—,,—,,—,,—,,—,,—,,—,,—,,—,,—,,—,,—,,—,,—,,—,,—,,—,,—,,—,,—,,—,,—,,—,,—,,—,
    Food and Consumer,,2826,,2800,,2783,,—,,2783,,2833,,—,,—,,—,,—,,—,,—,,—,,—,,—,,—,,—,,—,,—,,—,,—,,—,,—,,—,,—,,—,,—,,—,,—,,—,,—,,—,,—,,—,,—,,—,,—,,—,,—,,—,
    Agriculture  Products,,2679,,2714,,2653,,—,,2670,,2634,,—,,—,,—,,—,,—,,—,,—,,—,,—,,—,,—,,—,,—,,—,,—,,—,,—,,—,,—,,—,,—,,—,,—,,—,,—,,—,,—,,—,,—,,—,,—,,—,,—,,—,
  Coal,,2259,,2255,,2260,,2256,,2208,,2136,,2234,,2060,,1995,,2133,,2256,,2335,,2546,,2548,,2358,,2415,,2502,,2563,,2513,,2548,,2538,,2465,,2423,,2391,,2238,,2260,,2129,,2155,,2233,,2311,,2556,,3058,,3439,,3657,,3525,,3348,,3422,,3443,,3078,,3229,
  Intermodal,,651,,650,,658,,665,,634,,622,,617,,612,,597,,604,,624,,629,,631,,624,,621,,655,,652,,667,,677,,672,,651,,663,,664,,658,,639,,613,,621,,629,,645,,680,,684,,731,,730,,793,,793,,796,,763,,719,,730,,767,
  Trucking,,—,,—,,—,,—,,—,,—,,—,,—,,—,,—,,—,,—,,—,,—,,—,,—,,—,,—,,—,,—,,—,,—,,—,,—,,—,,—,,—,,0,,0,,0,,0,,0,,0,,0,,0,,0,,0,,0,,0,,0,
  Other,,0,,0,,0,,0,,0,,0,,0,,0,,0,,0,,0,,0,,0,,0,,0,,0,,0,,0,,0,,0,,0,,0,,0,,0,,0,,0,,0,,0,,0,,0,,0,,0,,0,,0,,0,,0,,0,,0,,0,,0,
Revenue Per Unit Growth %,,—,,—,,—,,—,,—,,—,,—,,—,,—,,—,,—,,—,,—,,—,,—,,—,,—,,—,,—,,—,,—,,—,,—,,—,,—,,—,,—,,—,,—,,—,,—,,—,,—,,—,,—,,—,,—,,—,,—,,—,
  Merchandise,,2,,2,,3,,0,,0,,-3,,-2,,-2,,-2,,0,,0,,2,,2,,3,,2,,3,,5,,7,,7,,5,,2,,1,,1,,0,,1,,-1,,-2,,0,,1,,5,,8,,8,,7,,10,,12,,9,,—,,1,,-2,,3,
    Fertilizers,,-6,,6,,0,,2,,8,,-6,,1,,-1,,-4,,1,,-8,,-9,,0,,-4,,8,,13,,8,,16,,11,,10,,-2,,5,,-3,,-2,,9,,-6,,0,,6,,9,,14,,14,,12,,0,,11,,15,,13,,—,,6,,17,,19,
    Minerals,,4,,0,,2,,-6,,-2,,-5,,-5,,-3,,-6,,-2,,1,,3,,0,,5,,3,,3,,6,,3,,7,,9,,3,,2,,0,,-5,,-4,,-1,,3,,6,,9,,8,,8,,7,,7,,8,,10,,7,,—,,6,,1,,8,
    Forest Products,,1,,1,,5,,3,,3,,3,,2,,3,,2,,3,,1,,4,,3,,3,,1,,-1,,2,,5,,7,,4,,5,,1,,2,,1,,1,,-1,,1,,0,,0,,4,,3,,6,,8,,9,,14,,10,,—,,5,,3,,2,
    Automotive,,1,,0,,-1,,-3,,-6,,-7,,-6,,-6,,-3,,-1,,0,,4,,3,,2,,-3,,-3,,2,,6,,6,,5,,0,,-3,,0,,0,,0,,-2,,-2,,-2,,0,,6,,5,,7,,7,,12,,16,,11,,—,,-1,,-5,,1,
    Agriculture & Food Product,,—,,—,,—,,—,,—,,—,,—,,—,,—,,—,,2,,3,,3,,6,,0,,3,,5,,4,,7,,5,,5,,4,,3,,0,,0,,0,,-2,,0,,0,,4,,8,,6,,9,,9,,13,,11,,—,,2,,-2,,1,
    Metal & Equipment,,—,,—,,—,,—,,—,,—,,—,,—,,—,,—,,8,,6,,2,,1,,-3,,4,,7,,8,,7,,-3,,2,,3,,1,,10,,1,,-1,,-9,,-11,,-8,,-3,,7,,11,,9,,9,,7,,7,,—,,4,,2,,1,
    Chemicals,,-2,,-1,,-1,,-2,,-3,,-5,,-5,,-3,,-3,,3,,1,,2,,4,,5,,6,,5,,6,,7,,4,,4,,2,,-1,,2,,2,,0,,2,,-3,,-2,,1,,4,,10,,8,,8,,11,,11,,8,,—,,-1,,-4,,1,
    Waste & Equipment,,7,,10,,18,,—,,5,,-4,,7,,10,,0,,12,,—,,—,,—,,—,,—,,—,,—,,—,,—,,—,,—,,—,,—,,—,,—,,—,,—,,—,,—,,—,,—,,—,,—,,—,,—,,—,,—,,—,,—,,—,
    Metals,,4,,1,,5,,—,,-1,,3,,0,,0,,9,,2,,—,,—,,—,,—,,—,,—,,—,,—,,—,,—,,—,,—,,—,,—,,—,,—,,—,,—,,—,,—,,—,,—,,—,,—,,—,,—,,—,,—,,—,,—,
    Food and Consumer,,0,,1,,0,,—,,-2,,1,,0,,-2,,-2,,-2,,—,,—,,—,,—,,—,,—,,—,,—,,—,,—,,—,,—,,—,,—,,—,,—,,—,,—,,—,,—,,—,,—,,—,,—,,—,,—,,—,,—,,—,,—,
    Agriculture  Products,,6,,4,,4,,—,,0,,-3,,-1,,-3,,0,,-1,,—,,—,,—,,—,,—,,—,,—,,—,,—,,—,,—,,—,,—,,—,,—,,—,,—,,—,,—,,—,,—,,—,,—,,—,,—,,—,,—,,—,,—,,—,
  Trucking,,—,,—,,—,,—,,—,,—,,—,,—,,—,,—,,—,,—,,—,,—,,—,,—,,—,,—,,—,,—,,—,,—,,—,,—,,—,,—,,—,,—,,—,,—,,0,,0,,0,,0,,0,,0,,—,,0,,0,,0,
  Other,,0,,0,,0,,0,,0,,0,,0,,0,,0,,0,,0,,0,,2,,0,,0,,0,,0,,0,,0,,0,,0,,0,,0,,0,,0,,0,,0,,0,,0,,0,,0,,0,,0,,0,,0,,0,,—,,0,,0,,0,
  Coal,,-8,,-9,,-6,,-4,,-2,,-5,,-1,,-9,,-10,,0,,1,,13,,4,,19,,5,,3,,-2,,1,,7,,6,,1,,-4,,-4,,-6,,-12,,-8,,-12,,-10,,0,,2,,20,,42,,54,,58,,38,,9,,—,,-6,,-13,,-4,
  Intermodal,,1,,-2,,0,,1,,-3,,-4,,-6,,-8,,-6,,-3,,1,,3,,6,,3,,0,,4,,3,,7,,9,,3,,0,,-1,,-2,,-2,,-2,,-8,,-6,,-4,,1,,11,,10,,16,,13,,17,,16,,9,,—,,-9,,-8,,-4,
Revenue Growth %,,—,,—,,—,,—,,—,,—,,—,,—,,—,,—,,—,,—,,—,,—,,—,,—,,—,,—,,—,,—,,—,,—,,—,,—,,—,,—,,—,,—,,—,,—,,—,,—,,—,,—,,—,,—,,—,,—,,—,,—,
  Merchandise,,4,,11,,12,,6,,1,,-6,,-6,,-7,,-4,,-5,,-3,,6,,6,,1,,-3,,-8,,-3,,6,,12,,10,,6,,2,,1,,-3,,3,,-22,,-7,,0,,-6,,26,,6,,4,,6,,10,,14,,7,,13,,5,,-1,,5,
    Fertilizers,,-7,,6,,2,,5,,1,,-15,,-13,,-8,,-7,,-7,,2,,-2,,2,,4,,2,,-4,,-10,,-5,,-2,,-3,,-5,,0,,-3,,-2,,2,,-8,,-5,,5,,11,,22,,14,,8,,-2,,-3,,2,,-9,,8,,8,,15,,24,
    Automotive,,-6,,1,,7,,-3,,-3,,-2,,-6,,-1,,9,,0,,-12,,15,,9,,-2,,-12,,-14,,-4,,7,,12,,10,,2,,0,,-1,,-10,,-10,,-72,,-9,,-8,,-16,,132,,-23,,-18,,-4,,24,,31,,27,,21,,21,,12,,10,
    Minerals,,-1,,7,,11,,7,,8,,0,,1,,1,,-3,,11,,-4,,5,,21,,2,,-4,,-3,,0,,7,,14,,13,,8,,5,,6,,6,,2,,-9,,-2,,-5,,-2,,13,,13,,11,,15,,12,,11,,11,,20,,12,,6,,9,
    Chemicals,,10,,17,,19,,13,,3,,-5,,-5,,-9,,-6,,-10,,1,,4,,4,,3,,1,,-4,,-2,,7,,9,,10,,5,,1,,-1,,-4,,6,,-10,,-4,,1,,-7,,14,,10,,4,,7,,10,,9,,2,,5,,-4,,-5,,6,
    Metal & Equipment,,—,,—,,—,,—,,—,,—,,—,,—,,—,,—,,-1,,3,,15,,-4,,-1,,-9,,-2,,11,,15,,15,,2,,-6,,-5,,-6,,5,,-24,,-18,,3,,-7,,44,,30,,14,,6,,6,,2,,2,,21,,11,,7,,4,
    Forest Products,,3,,8,,5,,7,,2,,-4,,-3,,-6,,-5,,-5,,-5,,4,,2,,1,,-5,,-6,,2,,11,,23,,15,,11,,4,,1,,-1,,2,,-11,,-7,,-1,,0,,18,,11,,12,,4,,8,,14,,8,,14,,2,,-8,,-1,
    Agriculture & Food Product,,—,,—,,—,,—,,—,,—,,—,,—,,—,,—,,-2,,8,,3,,5,,-2,,-11,,-8,,2,,13,,8,,12,,9,,9,,2,,6,,-13,,-5,,6,,-4,,19,,2,,6,,11,,11,,25,,10,,13,,1,,-12,,-2,
    Waste & Equipment,,4,,25,,24,,—,,5,,1,,-10,,8,,6,,9,,—,,—,,—,,—,,—,,—,,—,,—,,—,,—,,—,,—,,—,,—,,—,,—,,—,,—,,—,,—,,—,,—,,—,,—,,—,,—,,—,,—,,—,,—,
    Metals,,2,,13,,12,,—,,-7,,-15,,-15,,-22,,-10,,-6,,—,,—,,—,,—,,—,,—,,—,,—,,—,,—,,—,,—,,—,,—,,—,,—,,—,,—,,—,,—,,—,,—,,—,,—,,—,,—,,—,,—,,—,,—,
    Food and Consumer,,-4,,1,,0,,—,,-2,,-3,,0,,-6,,-6,,-6,,—,,—,,—,,—,,—,,—,,—,,—,,—,,—,,—,,—,,—,,—,,—,,—,,—,,—,,—,,—,,—,,—,,—,,—,,—,,—,,—,,—,,—,,—,
    Agriculture  Products,,18,,15,,17,,—,,2,,-7,,-1,,-9,,-10,,-9,,—,,—,,—,,—,,—,,—,,—,,—,,—,,—,,—,,—,,—,,—,,—,,—,,—,,—,,—,,—,,—,,—,,—,,—,,—,,—,,—,,—,,—,,—,
  Coal,,-9,,-3,,0,,6,,-4,,-15,,-19,,-38,,-37,,-34,,10,,23,,31,,27,,10,,-2,,-4,,7,,14,,8,,7,,-2,,-12,,-22,,-25,,-48,,-36,,-18,,-5,,47,,39,,39,,39,,54,,36,,20,,19,,-2,,-5,,-1,
  Intermodal,,4,,6,,6,,6,,-1,,0,,-1,,-4,,-2,,-7,,5,,7,,7,,7,,5,,-1,,3,,9,,12,,4,,-5,,-11,,-11,,-9,,-1,,-18,,0,,6,,11,,42,,14,,16,,13,,18,,19,,4,,-5,,-18,,-14,,-4,
  Trucking,,—,,—,,—,,—,,—,,—,,—,,—,,—,,—,,—,,—,,—,,—,,—,,—,,—,,—,,—,,—,,—,,—,,—,,—,,—,,—,,—,,—,,—,,—,,0,,0,,—,,0,,26,,8,,1,,-12,,-13,,-10,
  Other,,22,,16,,3,,-15,,16,,58,,-27,,23,,-52,,-23,,23,,13,,-8,,62,,23,,-5,,96,,-13,,59,,39,,16,,-9,,-28,,-22,,-40,,-19,,-12,,-6,,42,,51,,15,,87,,41,,32,,13,,12,,-12,,-27,,-52,,-47,
Transportation Fuel,,—,,—,,—,,—,,—,,—,,—,,—,,150,1.0,172,1.0,174,1.0,217,1.0,218,1.0,198,1.0,205,1.0,243,1.0,255,1.0,270,1.0,268,1.0,253,1.0,233,1.0,234,1.0,223,1.0,216,1.0,—,,91,1.0,119,1.0,139,1.0,190,1.0,194,1.0,247,1.0,282,1.0,331,1.0,446,1.0,438,1.0,411,1.0,364,1.0,312,1.0,349,1.0,352,1.0
  Locomotive,,—,,—,,—,,—,,—,,—,,—,,—,,135,0.9,158,0.918604651162791,157,0.902298850574713,199,0.91705069124424,198,0.908256880733945,180,0.909090909090909,187,0.91219512195122,223,0.917695473251029,229,0.898039215686275,249,0.922222222222222,249,0.92910447761194,241,0.952569169960474,214,0.918454935622318,216,0.923076923076923,194,0.869955156950672,199,0.921296296296296,—,,82,0.901098901098901,111,0.932773109243697,129,0.928057553956835,173,0.910526315789474,195,1.00515463917526,201,0.813765182186235,238,0.843971631205674,276,0.833836858006042,375,0.840807174887892,377,0.860730593607306,353,0.858880778588808,306,0.840659340659341,264,0.846153846153846,301,0.862464183381089,298,0.846590909090909
  Non - Locomotive,,—,,—,,—,,—,,—,,—,,—,,—,,15,0.1,14,0.0813953488372093,17,0.0977011494252873,18,0.0829493087557604,20,0.0917431192660551,18,0.0909090909090909,18,0.0878048780487805,20,0.0823045267489712,26,0.101960784313725,21,0.0777777777777778,19,0.0708955223880597,12,0.0474308300395257,19,0.0815450643776824,18,0.0769230769230769,29,0.130044843049327,17,0.0787037037037037,—,,9,0.0989010989010989,8,0.0672268907563025,10,0.0719424460431655,17,0.0894736842105263,-1,-0.00515463917525773,46,0.186234817813765,44,0.156028368794326,55,0.166163141993958,71,0.159192825112108,61,0.139269406392694,58,0.141119221411192,58,0.159340659340659,48,0.153846153846154,48,0.137535816618911,54,0.153409090909091
Sales Change - Volume %,,—,,—,,—,,—,,—,,—,,—,,—,,—,,—,,—,,—,,—,,—,,—,,—,,—,,—,,—,,—,,—,,—,,—,,—,,—,,—,,—,,—,,—,,—,,—,,—,,—,,—,,—,,—,,—,,—,,—,,—,
  Coal,,-1,,6,,7,,11,,-1,,-11,,-18,,-32,,-31,,-34,,-21,,8,,3,,7,,5,,-5,,-2,,7,,7,,3,,5,,2,,-9,,-17,,-15,,-44,,-27,,-9,,-5,,44,,16,,-2,,-10,,-3,,-2,,9,,19,,4,,9,,3,
  Merchandise,,2,,8,,9,,5,,2,,-3,,-4,,-5,,-3,,-5,,-5,,4,,4,,-2,,-5,,-11,,-8,,-1,,5,,4,,3,,1,,0,,-3,,2,,-22,,-5,,0,,-6,,21,,-2,,-3,,-2,,0,,—,,-2,,4,,3,,0,,3,
    Automotive,,-7,,1,,8,,1,,3,,5,,0,,5,,12,,1,,6,,11,,5,,-4,,-9,,-12,,-6,,2,,6,,4,,3,,3,,-1,,-10,,-10,,-71,,-7,,-6,,-16,,120,,-26,,-23,,-10,,10,,13,,14,,10,,21,,19,,9,
    Chemicals,,12,,18,,20,,15,,6,,1,,0,,-6,,-3,,-13,,-7,,2,,0,,-2,,-5,,-9,,-7,,0,,5,,5,,3,,2,,-3,,-5,,7,,-12,,-1,,3,,-8,,10,,1,,-4,,-1,,-1,,-2,,-6,,-1,,-3,,-1,,5,
    Fertilizers,,-1,,0,,3,,3,,-6,,-9,,-13,,-6,,-3,,-8,,1,,8,,1,,8,,-6,,-15,,-17,,-18,,-12,,-12,,-3,,-5,,0,,0,,-6,,-2,,-5,,-2,,2,,7,,0,,-3,,-2,,-13,,-11,,-20,,-11,,2,,-2,,4,
    Metal & Equipment,,—,,—,,—,,—,,—,,—,,—,,—,,—,,—,,-13,,-3,,13,,-6,,2,,-13,,-9,,3,,8,,18,,0,,-9,,-6,,-14,,5,,-24,,-11,,16,,1,,48,,21,,3,,-3,,-3,,-4,,-4,,11,,7,,4,,3,
    Minerals,,-5,,7,,9,,13,,11,,5,,6,,4,,3,,13,,-1,,3,,21,,-3,,-7,,-6,,-6,,4,,6,,4,,5,,3,,6,,12,,6,,-8,,-4,,-10,,-9,,5,,5,,4,,7,,3,,1,,4,,15,,6,,4,,1,
    Agriculture & Food Product,,—,,—,,—,,—,,—,,—,,—,,—,,—,,—,,-10,,5,,0,,-2,,-3,,-14,,-12,,-2,,6,,3,,7,,5,,6,,2,,6,,-14,,-3,,6,,-4,,15,,-5,,0,,2,,3,,10,,-2,,3,,-2,,-10,,-2,
    Forest Products,,1,,7,,0,,4,,-1,,-6,,-5,,-9,,-7,,-8,,-7,,0,,-1,,-1,,-6,,-6,,0,,6,,16,,11,,6,,3,,-1,,-3,,1,,-10,,-8,,-1,,0,,14,,7,,6,,-4,,-1,,0,,-1,,4,,-3,,-11,,-3,
    Waste & Equipment,,-3,,14,,5,,—,,0,,3,,-15,,-2,,6,,-2,,—,,—,,—,,—,,—,,—,,—,,—,,—,,—,,—,,—,,—,,—,,—,,—,,—,,—,,—,,—,,—,,—,,—,,—,,—,,—,,—,,—,,—,,—,
    Metals,,-2,,12,,6,,—,,-6,,-18,,-15,,-23,,-18,,-8,,—,,—,,—,,—,,—,,—,,—,,—,,—,,—,,—,,—,,—,,—,,—,,—,,—,,—,,—,,—,,—,,—,,—,,—,,—,,—,,—,,—,,—,,—,
    Food and Consumer,,4,,0,,0,,—,,0,,-4,,0,,-4,,-4,,-4,,—,,—,,—,,—,,—,,—,,—,,—,,—,,—,,—,,—,,—,,—,,—,,—,,—,,—,,—,,—,,—,,—,,—,,—,,—,,—,,—,,—,,—,,—,
    Agriculture  Products,,12,,11,,13,,—,,3,,-4,,0,,-6,,-9,,-8,,—,,—,,—,,—,,—,,—,,—,,—,,—,,—,,—,,—,,—,,—,,—,,—,,—,,—,,—,,—,,—,,—,,—,,—,,—,,—,,—,,—,,—,,—,
  Trucking,,—,,—,,—,,—,,—,,—,,—,,—,,—,,—,,—,,—,,—,,—,,—,,—,,—,,—,,—,,—,,—,,—,,—,,—,,—,,—,,—,,—,,—,,—,,0,,0,,0,,0,,0,,0,,0,,0,,0,,0,
  Other,,0,,0,,0,,0,,0,,0,,0,,0,,0,,0,,0,,0,,0,,0,,0,,0,,0,,0,,0,,0,,0,,0,,0,,0,,0,,0,,0,,0,,0,,0,,0,,0,,0,,0,,0,,0,,0,,0,,0,,0,
  Intermodal,,5,,7,,5,,5,,1,,5,,6,,4,,4,,-4,,-7,,4,,1,,3,,5,,-5,,0,,2,,3,,2,,-5,,-10,,-9,,-7,,0,,-11,,7,,11,,10,,28,,4,,0,,-1,,1,,2,,-5,,-9,,-10,,-7,,0,
Cargo Tonnes,,33000000,1.0,37500000,1.0,36100000,1.0,36300000,1.0,32700000,1.0,33700000,1.0,29900000,1.0,25000000,1.0,22700000,1.0,22100000,1.0,23700000,1.0,27100000,1.0,23200000,1.0,23600000,1.0,24900000,1.0,25600000,1.0,22900000,1.0,25100000,1.0,26500000,1.0,25900000,1.0,23700000,1.0,25400000,1.0,24100000,1.0,21600000,1.0,20200000,1.0,14200000,1.0,17500000,1.0,19600000,1.0,19200000,1.0,20500000,1.0,20300000,1.0,19000000,1.0,17300000,1.0,20000000,1.0,19800000,1.0,21000000,1.0,20800000,1.0,—,,21700000,1.0,21700000,1.0
  Coal,,33000000,1.0,37500000,1.0,36100000,1.0,36300000,1.0,32700000,1.0,33700000,1.0,29900000,1.0,25000000,1.0,22700000,1.0,22100000,1.0,23700000,1.0,27100000,1.0,23200000,1.0,23600000,1.0,24900000,1.0,25600000,1.0,22900000,1.0,25100000,1.0,26500000,1.0,25900000,1.0,23700000,1.0,25400000,1.0,24100000,1.0,21600000,1.0,20200000,1.0,14200000,1.0,17500000,1.0,19600000,1.0,19200000,1.0,20500000,1.0,20300000,1.0,19000000,1.0,17300000,1.0,20000000,1.0,19800000,1.0,21000000,1.0,20800000,1.0,—,,21700000,1.0,21700000,1.0
    Domestic,,22500000,0.681818181818182,27200000,0.725333333333333,27400000,0.759002770083102,26800000,0.738292011019284,22900000,0.700305810397553,25300000,0.750741839762611,23300000,0.779264214046823,19000000,0.76,16900000,0.744493392070484,15800000,0.714932126696833,18200000,0.767932489451477,19000000,0.701107011070111,14500000,0.625,15400000,0.652542372881356,16100000,0.646586345381526,15100000,0.58984375,12300000,0.537117903930131,13700000,0.545816733067729,15800000,0.59622641509434,15500000,0.598455598455598,13200000,0.556962025316456,14800000,0.582677165354331,15300000,0.634854771784232,13300000,0.615740740740741,11100000,0.54950495049505,8200000,0.577464788732394,10300000,0.588571428571429,12400000,0.63265306122449,11300000,0.588541666666667,11500000,0.560975609756098,12600000,0.620689655172414,11200000,0.589473684210526,9800000,0.566473988439306,11600000,0.58,11800000,0.595959595959596,12500000,0.595238095238095,11500000,0.552884615384615,—,,11600000,0.534562211981567,10900000,0.502304147465438
"      Coke and Iron Ore, Other",,4800000,0.145454545454545,6200000,0.165333333333333,7300000,0.202216066481994,7800000,0.214876033057851,5300000,0.162079510703364,7100000,0.210682492581602,6500000,0.217391304347826,5400000,0.216,4600000,0.202643171806167,4700000,0.212669683257919,5000000,0.210970464135021,—,,—,,—,,—,,—,,—,,—,,—,,—,,—,,—,,—,,—,,—,,—,,—,,—,,—,,—,,—,,—,,—,,—,,—,,—,,—,,—,,—,,—,
      Utility,,17700000,0.536363636363636,21000000,0.56,20100000,0.556786703601108,19000000,0.523415977961432,17600000,0.53822629969419,18200000,0.540059347181009,16800000,0.561872909698997,13600000,0.544,12300000,0.541850220264317,11100000,0.502262443438914,13200000,0.556962025316456,—,,—,,—,,—,,—,,—,,—,,—,,—,,—,,—,,—,,—,,—,,—,,—,,—,,—,,—,,—,,—,,—,,—,,—,,—,,—,,—,,—,,—,
    Export,,10500000,0.318181818181818,10300000,0.274666666666667,8700000,0.240997229916898,9500000,0.261707988980716,9800000,0.299694189602446,8400000,0.249258160237389,6600000,0.220735785953177,6000000,0.24,5800000,0.255506607929515,6300000,0.285067873303167,5500000,0.232067510548523,8100000,0.298892988929889,8700000,0.375,8200000,0.347457627118644,8800000,0.353413654618474,10500000,0.41015625,10600000,0.462882096069869,11400000,0.454183266932271,10700000,0.40377358490566,10400000,0.401544401544402,10500000,0.443037974683544,10600000,0.417322834645669,8800000,0.365145228215768,8300000,0.384259259259259,9100000,0.450495049504951,6000000,0.422535211267606,7200000,0.411428571428571,7200000,0.36734693877551,7900000,0.411458333333333,9000000,0.439024390243902,7700000,0.379310344827586,7800000,0.410526315789474,7500000,0.433526011560694,8400000,0.42,8000000,0.404040404040404,8500000,0.404761904761905,9300000,0.447115384615385,—,,10100000,0.465437788018433,10800000,0.497695852534562
      Thermal,,4300000,0.13030303030303,4500000,0.12,3200000,0.0886426592797784,3600000,0.0991735537190083,4000000,0.122324159021407,3200000,0.0949554896142433,2300000,0.0769230769230769,2400000,0.096,1500000,0.066079295154185,1800000,0.081447963800905,1500000,0.0632911392405063,—,,—,,—,,—,,—,,—,,—,,—,,—,,—,,—,,—,,—,,—,,—,,—,,—,,—,,—,,—,,—,,—,,—,,—,,—,,—,,—,,—,,—,
      Metallurgical,,6200000,0.187878787878788,5800000,0.154666666666667,5500000,0.152354570637119,5900000,0.162534435261708,5800000,0.17737003058104,5200000,0.154302670623145,4300000,0.1438127090301,3600000,0.144,4300000,0.18942731277533,4500000,0.203619909502262,4000000,0.168776371308017,—,,—,,—,,—,,—,,—,,—,,—,,—,,—,,—,,—,,—,,—,,—,,—,,—,,—,,—,,—,,—,,—,,—,,—,,—,,—,,—,,—,,—,
Carloads/Unit Volumes,,1620,1.0,1781,1.0,1758,1.0,1763,1.0,1635,1.0,1759,1.0,1712,1.0,1655,1.0,1551,1.0,1595,1.0,1574,1.0,1731,1.0,1592,1.0,1620,1.0,1587,1.0,1601,1.0,1532,1.0,1646,1.0,1656,1.0,1648,1.0,1531,1.0,1581,1.0,1569,1.0,1539,1.0,1514,1.0,1257,1.0,1522,1.0,1599,1.0,1529,1.0,1591,1.0,1563,1.0,1570,1.0,1498,1.0,1594,1.0,1587,1.0,1539,1.0,1486,1.0,—,,1550,1.0,1560,1.0
  Intermodal,,647,0.399382716049383,691,0.387984278495227,691,0.393060295790671,699,0.396483267158253,655,0.400611620795107,723,0.411028993746447,731,0.426985981308411,729,0.440483383685801,678,0.437137330754352,694,0.435109717868339,681,0.432655654383736,758,0.43789716926632,688,0.4321608040201,718,0.44320987654321,718,0.452425960932577,719,0.449094316052467,689,0.449738903394256,735,0.446537059538275,739,0.446256038647343,732,0.444174757281553,657,0.429131286740692,658,0.416192283364959,673,0.4289356277884,682,0.44314489928525,660,0.435931307793923,586,0.466189339697693,717,0.471090670170828,757,0.473420888055034,726,0.474820143884892,752,0.472658705216845,744,0.476007677543186,754,0.480254777070064,722,0.481975967957276,759,0.476160602258469,762,0.480151228733459,720,0.467836257309941,654,0.440107671601615,—,,708,0.456774193548387,720,0.461538461538462
  Merchandise,,680,0.419753086419753,760,0.426726558113419,748,0.425483503981798,744,0.422007941009643,691,0.42262996941896,741,0.421262080727686,720,0.420560747663551,708,0.427794561933535,673,0.43391360412637,706,0.442633228840125,686,0.435832274459975,737,0.42576545349509,699,0.439070351758794,694,0.428395061728395,651,0.410207939508507,658,0.410993129294191,642,0.419060052219321,689,0.418590522478736,683,0.41243961352657,686,0.41626213592233,662,0.432397126061398,697,0.440860215053763,683,0.435309114085405,665,0.432098765432099,673,0.444517833553501,544,0.432776451869531,650,0.427069645203679,668,0.41776110068793,631,0.412688031393067,656,0.412319296040226,639,0.408829174664108,645,0.410828025477707,621,0.414552736982643,657,0.412170639899624,648,0.408317580340265,632,0.410656270305393,647,0.435397039030956,—,,649,0.418709677419355,648,0.415384615384615
    Chemicals,,146,0.0901234567901234,157,0.0881527231892195,159,0.0904436860068259,158,0.0896199659671015,155,0.0948012232415902,158,0.0898237635019898,187,0.109228971962617,176,0.106344410876133,175,0.112830431979368,172,0.107836990595611,173,0.109911054637865,180,0.103986135181976,175,0.109924623115578,169,0.104320987654321,164,0.103339634530561,164,0.102435977514054,162,0.105744125326371,169,0.102673147023086,172,0.103864734299517,172,0.104368932038835,167,0.109079033311561,173,0.109424414927261,166,0.105799872530274,163,0.105912930474334,178,0.117569352708058,152,0.120922832140016,165,0.108409986859396,169,0.105691056910569,163,0.106605624591236,167,0.104965430546826,166,0.106206014075496,163,0.103821656050955,161,0.107476635514019,165,0.103513174404015,162,0.102079395085066,153,0.0994152046783626,160,0.107671601615074,—,,161,0.103870967741935,161,0.103205128205128
    Agriculture & Food Product,,—,,—,,—,,—,,—,,—,,121,0.0706775700934579,125,0.0755287009063444,121,0.0780141843971631,116,0.0727272727272727,109,0.0692503176620076,131,0.0756787983824379,121,0.0760050251256281,114,0.0703703703703704,106,0.0667926906112161,113,0.070580886945659,107,0.0698433420365535,112,0.0680437424058323,112,0.0676328502415459,116,0.0703883495145631,114,0.0744611365120836,118,0.0746363061353574,119,0.0758444869343531,118,0.0766731643924626,121,0.0799207397622193,102,0.081145584725537,115,0.0755584756898817,125,0.0781738586616635,116,0.0758665794637018,117,0.0735386549340038,109,0.0697376839411388,125,0.0796178343949045,118,0.0787716955941255,120,0.0752823086574655,120,0.0756143667296786,123,0.0799220272904483,122,0.0820995962314939,—,,108,0.0696774193548387,120,0.0769230769230769
    Automotive,,98,0.0604938271604938,114,0.0640089837170129,109,0.0620022753128555,114,0.0646625070901872,101,0.0617737003058104,120,0.0682205798749289,109,0.0636682242990654,120,0.0725075528700906,113,0.072856221792392,121,0.0758620689655172,115,0.0730622617534943,133,0.0768341998844598,119,0.074748743718593,116,0.0716049382716049,105,0.0661625708884688,117,0.0730793254216115,112,0.0731070496083551,118,0.0716889428918591,111,0.0670289855072464,122,0.0740291262135922,115,0.0751143043762247,121,0.0765338393421885,110,0.0701083492670491,110,0.0714749837556855,104,0.0686922060766182,35,0.0278440731901352,102,0.0670170827858081,103,0.0644152595372108,87,0.0568999345977763,77,0.0483972344437461,75,0.0479846449136276,79,0.0503184713375796,78,0.0520694259012016,85,0.0533249686323714,85,0.0535601764335224,90,0.0584795321637427,86,0.0578734858681023,—,,101,0.0651612903225806,98,0.0628205128205128
    Minerals,,54,0.0333333333333333,80,0.0449185850645705,83,0.0472127417519909,76,0.0431083380601248,60,0.036697247706422,84,0.0477544059124503,87,0.0508177570093458,78,0.0471299093655589,58,0.0373952288845906,86,0.0539184952978057,86,0.0546378653113088,80,0.0462160600808781,70,0.0439698492462312,83,0.0512345679012346,80,0.0504095778197858,75,0.0468457214241099,66,0.0430809399477807,86,0.0522478736330498,85,0.0513285024154589,78,0.0473300970873786,70,0.0457217504898759,90,0.0569259962049336,90,0.0573613766730402,87,0.0565302144249513,74,0.0488771466314399,83,0.066030230708035,86,0.0565045992115637,78,0.0487804878048781,67,0.0438194898626553,87,0.0546825895663105,90,0.0575815738963532,81,0.0515923566878981,72,0.048064085447263,90,0.0564617314930991,91,0.0573408947700063,84,0.0545808966861598,83,0.0558546433378196,—,,95,0.0612903225806452,85,0.0544871794871795
    Forest Products,,74,0.045679012345679,79,0.0443571027512633,77,0.0437997724687144,77,0.0436755530346001,73,0.0446483180428135,74,0.0420693575895395,73,0.0426401869158878,70,0.0422960725075529,68,0.0438426821405545,68,0.0426332288401254,68,0.0432020330368488,70,0.0404390525707683,67,0.0420854271356784,67,0.041358024691358,64,0.0403276622558286,66,0.0412242348532167,67,0.043733681462141,71,0.043134872417983,74,0.0446859903381642,73,0.0442961165048544,70,0.0457217504898759,71,0.0449082858950032,73,0.0465264499681326,71,0.046133853151397,73,0.0482166446499339,64,0.050914876690533,70,0.0459921156373193,69,0.0431519699812383,73,0.0477436232831916,75,0.0471401634192332,75,0.0479846449136276,73,0.0464968152866242,70,0.0467289719626168,74,0.0464240903387704,75,0.0472589792060491,72,0.0467836257309941,73,0.0491251682368775,—,,67,0.0432258064516129,70,0.0448717948717949
    Metal & Equipment,,—,,—,,—,,—,,—,,—,,72,0.0420560747663551,65,0.0392749244712991,62,0.0399742101869761,71,0.0445141065830721,63,0.0400254129606099,63,0.0363951473136915,70,0.0439698492462312,67,0.041358024691358,64,0.0403276622558286,55,0.0343535290443473,64,0.0417754569190601,69,0.0419198055893074,69,0.0416666666666667,65,0.0394417475728155,64,0.0418027433050294,63,0.0398481973434535,65,0.041427660930529,56,0.0363872644574399,67,0.0442536327608983,48,0.0381861575178998,58,0.038107752956636,66,0.0412757973733583,68,0.0444735120994114,71,0.0446260213702074,70,0.0447856685860525,68,0.043312101910828,66,0.0440587449933244,69,0.0432873274780427,67,0.0422180214240706,65,0.0422352176738142,73,0.0491251682368775,—,,70,0.0451612903225806,67,0.0429487179487179
    Fertilizers,,83,0.0512345679012346,86,0.0482874789444133,82,0.0466439135381115,79,0.0448099829835508,78,0.0477064220183486,78,0.0443433769187038,71,0.0414719626168224,74,0.0447129909365559,76,0.0490006447453256,72,0.045141065830721,72,0.0457433290978399,80,0.0462160600808781,77,0.0483668341708543,78,0.0481481481481481,68,0.0428481411468179,68,0.042473454091193,64,0.0417754569190601,64,0.0388821385176185,60,0.036231884057971,60,0.0364077669902913,62,0.0404964075767472,61,0.0385831752055661,60,0.0382409177820268,60,0.0389863547758285,56,0.0369881109643329,60,0.0477326968973747,54,0.035479632063074903,58,0.0362726704190119,57,0.0372792674950948,62,0.0389692017598994,54,0.0345489443378119,56,0.0356687898089172,56,0.0373831775700935,54,0.0338770388958595,48,0.0302457466918715,45,0.0292397660818713,50,0.0336473755047106,—,,47,0.0303225806451613,47,0.0301282051282051
    Housing and Construction,,159,0.0981481481481482,199,0.111734980348119,206,0.117178612059158,194,0.110039705048213,164,0.100305810397554,199,0.113132461625924,160,0.0934579439252336,148,0.0894259818731118,126,0.0812379110251451,154,0.096551724137931,154,0.0978398983481576,150,0.0866551126516464,—,,—,,—,,—,,—,,—,,—,,—,,—,,—,,—,,—,,—,,—,,—,,—,,—,,—,,—,,—,,—,,—,,—,,—,,—,,—,,—,,—,
      Waste & Equipment,,31,0.0191358024691358,40,0.0224592925322852,46,0.0261660978384528,41,0.0232558139534884,31,0.018960244648318,41,0.0233086981239341,—,,—,,—,,—,,—,,—,,—,,—,,—,,—,,—,,—,,—,,—,,—,,—,,—,,—,,—,,—,,—,,—,,—,,—,,—,,—,,—,,—,,—,,—,,—,,—,,—,,—,
    Agricultural,,212,0.130864197530864,216,0.12128017967434,203,0.11547212741752,212,0.120249574588769,210,0.128440366972477,203,0.115406480955088,192,0.11214953271028,199,0.1202416918429,197,0.127014829142489,188,0.117868338557994,181,0.114993646759848,211,0.121894858463316,—,,—,,—,,—,,—,,—,,—,,—,,—,,—,,—,,—,,—,,—,,—,,—,,—,,—,,—,,—,,—,,—,,—,,—,,—,,—,,—,,—,
      Food and Consumer,,23,0.0141975308641975,25,0.0140370578326783,23,0.0130830489192264,23,0.0130459444129325,23,0.0140672782874618,24,0.0136441159749858,—,,—,,—,,—,,—,,—,,—,,—,,—,,—,,—,,—,,—,,—,,—,,—,,—,,—,,—,,—,,—,,—,,—,,—,,—,,—,,—,,—,,—,,—,,—,,—,,—,,—,
      Agriculture  Products,,106,0.0654320987654321,105,0.0589556428972487,98,0.055745164960182,110,0.0623936471922859,109,0.0666666666666667,101,0.0574189880613985,—,,—,,—,,—,,—,,—,,—,,—,,—,,—,,—,,—,,—,,—,,—,,—,,—,,—,,—,,—,,—,,—,,—,,—,,—,,—,,—,,—,,—,,—,,—,,—,,—,,—,
    Industrial,,309,0.190740740740741,345,0.19371139809096,339,0.192832764505119,338,0.19171866137266,317,0.19388379204893,339,0.192723138146674,368,0.214953271028037,361,0.218126888217523,350,0.225660863958736,364,0.228213166144201,351,0.22299872935197,376,0.217215482380127,—,,—,,—,,—,,—,,—,,—,,—,,—,,—,,—,,—,,—,,—,,—,,—,,—,,—,,—,,—,,—,,—,,—,,—,,—,,—,,—,,—,
      Metals,,65,0.0401234567901235,74,0.0415496911847277,71,0.040386803185438,66,0.0374361883153715,61,0.037308868501529,61,0.0346787947697555,—,,—,,—,,—,,—,,—,,—,,—,,—,,—,,—,,—,,—,,—,,—,,—,,—,,—,,—,,—,,—,,—,,—,,—,,—,,—,,—,,—,,—,,—,,—,,—,,—,,—,
  Coal,,293,0.180864197530864,330,0.185289163391353,319,0.181456200227531,320,0.181508791832104,289,0.176758409785933,295,0.167708925525867,261,0.152453271028037,218,0.131722054380665,200,0.128949065119278,195,0.122257053291536,207,0.13151207115629,236,0.13633737723859,205,0.128768844221106,208,0.128395061728395,218,0.137366099558916,224,0.139912554653342,201,0.131201044386423,222,0.134872417982989,234,0.141304347826087,230,0.139563106796116,212,0.13847158719791,226,0.142947501581278,213,0.135755258126195,192,0.124756335282651,181,0.119550858652576,127,0.101034208432776,155,0.101839684625493,174,0.108818011257036,172,0.112491824722041,183,0.115021998742929,180,0.115163147792706,171,0.108917197452229,155,0.10347129506008,178,0.111668757841907,177,0.111531190926276,187,0.121507472384665,185,0.124495289367429,—,,193,0.124516129032258,192,0.123076923076923
  Trucking,,—,,—,,—,,—,,—,,—,,—,,—,,—,,—,,—,,—,,—,,—,,—,,—,,—,,—,,—,,—,,—,,—,,—,,—,,—,,—,,0,,0,,—,,0,,0,,0,,0,,0,,0,,0,,0,,—,,0,,0,
  Other,,0,,0,,0,,0,,0,,0,,0,,0,,0,,0,,0,,0,,0,,0,,0,,0,,0,,0,,0,,0,,0,,0,,0,,0,,0,,0,,0,,0,,0,,0,,0,,0,,0,,0,,0,,0,,0,,—,,0,,0,
Revenue Ton-Miles / Kms,,58000,1.0,62900,1.0,61600,1.0,62800,1.0,58900,1.0,60000,1.0,56800,1.0,54000,1.0,50100,1.0,50700,1.0,50500,1.0,56300,1.0,49400,1.0,49100,1.0,47800,1.0,50400,1.0,48800,1.0,52300,1.0,51300,1.0,50600,1.0,48600,1.0,50700,1.0,49100,1.0,47600,1.0,48500,1.0,39900,1.0,45500,1.0,48700,1.0,47800,1.0,57100,1.0,47500,1.0,48500,1.0,46400,1.0,48200,1.0,47900,1.0,47300,1.0,48400,1.0,—,,47800,1.0,49000,1.0
  Merchandise,,35300,0.608620689655172,38000,0.604133545310016,37400,0.607142857142857,37900,0.603503184713376,36100,0.612903225806452,36800,0.613333333333333,36100,0.63556338028169,35900,0.664814814814815,33800,0.674650698602794,33400,0.658777120315582,32300,0.63960396039604,35200,0.625222024866785,31800,0.643724696356275,31200,0.635437881873727,29700,0.621338912133891,31500,0.625,31400,0.64344262295082,32800,0.627151051625239,32000,0.623781676413255,31900,0.630434782608696,31600,0.650205761316872,33000,0.650887573964497,32100,0.653767820773931,31300,0.657563025210084,33100,0.682474226804124,27800,0.696741854636591,31000,0.681318681318681,32500,0.66735112936345,31300,0.654811715481172,32100,0.562171628721541,30800,0.648421052631579,32100,0.661855670103093,31200,0.672413793103448,32100,0.66597510373444,31700,0.661795407098121,31000,0.6553911205074,32300,0.667355371900826,—,,31300,0.654811715481172,32100,0.655102040816327
  Coal,,16300,0.281034482758621,18000,0.286168521462639,17400,0.282467532467532,17900,0.285031847133758,16100,0.273344651952462,15800,0.263333333333333,13700,0.241197183098592,11000,0.203703703703704,9700,0.193612774451098,10400,0.205128205128205,11500,0.227722772277228,13500,0.239786856127886,10600,0.214574898785425,10600,0.215885947046843,10900,0.228033472803347,11700,0.232142857142857,10300,0.211065573770492,11800,0.225621414913958,12000,0.233918128654971,11400,0.225296442687747,10500,0.216049382716049,10900,0.214990138067061,10300,0.209775967413442,9400,0.197478991596639,8600,0.177319587628866,6000,0.150375939849624,7100,0.156043956043956,8400,0.172484599589322,8800,0.184100418410042,9200,0.161120840630473,8900,0.187368421052632,8500,0.175257731958763,7600,0.163793103448276,8400,0.174273858921162,8600,0.179540709812109,9200,0.194503171247357,9200,0.190082644628099,—,,9400,0.196652719665272,9600,0.195918367346939
  Intermodal,,6400,0.110344827586207,6900,0.109697933227345,6800,0.11038961038961,7000,0.111464968152866,6700,0.113752122241087,7400,0.123333333333333,7000,0.123239436619718,7100,0.131481481481481,6600,0.131736526946108,6900,0.136094674556213,6700,0.132673267326733,7600,0.134991119005329,7000,0.1417004048583,7300,0.14867617107943,7200,0.150627615062762,7200,0.142857142857143,7100,0.145491803278689,7700,0.147227533460803,7300,0.142300194931774,7300,0.144268774703557,6500,0.133744855967078,6800,0.134122287968442,6700,0.136456211812627,6900,0.144957983193277,6800,0.14020618556701,6100,0.152882205513784,7400,0.162637362637363,7800,0.160164271047228,7700,0.161087866108787,15800,0.276707530647986,7800,0.164210526315789,7900,0.162886597938144,7600,0.163793103448276,7700,0.159751037344398,7600,0.15866388308977,7100,0.150105708245243,6900,0.142561983471074,—,,7100,0.148535564853556,7300,0.148979591836735
Source: Bloomberg,,,,,,,,,,,,,,,,,,,,,,,,,,,,,,,,,,,,,,,,,,,,,,,,,,,,,,,,,,,,,,,,,,,,,,,,,,,,,,,,,
