Unnamed: 0,Unnamed: 1,Unnamed: 2,Unnamed: 3,Unnamed: 4,Unnamed: 5,Unnamed: 6,Unnamed: 7,Unnamed: 8,Unnamed: 9,Unnamed: 10,Unnamed: 11,Unnamed: 12,Unnamed: 13,Unnamed: 14,Unnamed: 15,Unnamed: 16,Unnamed: 17,Unnamed: 18,Unnamed: 19,Unnamed: 20,Unnamed: 21,Unnamed: 22,Unnamed: 23,Unnamed: 24,Unnamed: 25,Unnamed: 26,Unnamed: 27,Unnamed: 28,Unnamed: 29,Unnamed: 30,Unnamed: 31,Unnamed: 32,Unnamed: 33,Unnamed: 34,Unnamed: 35,Unnamed: 36,Unnamed: 37,Unnamed: 38,Unnamed: 39,Unnamed: 40,Unnamed: 41
CSX Corp (CSX US) - By Measure,,,,,,,,,,,,,,,,,,,,,,,,,,,,,,,,,,,,,,,,,
,,,,,,,,,,,,,,,,,,,,,,,,,,,,,,,,,,,,,,,,,
In Millions of USD except Per Share,,Q1 2004,,Q2 2004,,Q3 2004,,Q4 2004,,Q1 2005,,Q2 2005,,Q3 2005,,Q4 2005,,Q1 2006,,Q2 2006,,Q3 2006,,Q4 2006,,Q1 2007,,Q2 2007,,Q3 2007,,Q4 2007,,Q1 2008,,Q2 2008,,Q3 2008,,Q4 2008,
3 Months Ending,,03/26/2004,,06/25/2004,,09/24/2004,,12/31/2004,,04/01/2005,,07/01/2005,,09/30/2005,,12/30/2005,,03/31/2006,,06/30/2006,,09/29/2006,,12/29/2006,,03/30/2007,,06/29/2007,,09/28/2007,,12/28/2007,,03/28/2008,,06/27/2008,,09/26/2008,,12/26/2008,
Revenue,,1920,1.0,1997,1.0,1943,1.0,2180,1.0,2108,1.0,2166,1.0,2125,1.0,2219,1.0,2331,1.0,2421,1.0,2418,1.0,2396,1.0,2422,1.0,2530,1.0,2501,1.0,2577,1.0,2713,1.0,2907,1.0,2961,1.0,2674,1.0
  Rail,,1605,0.8359375,1672,0.837255883825739,1616,0.83170355120947,1801,0.826146788990826,1779,0.84392789373814,1836,0.847645429362881,1788,0.841411764705882,1853,0.835060838215412,1997,0.856713856713857,2065,0.852953325072284,2054,0.849462365591398,2038,0.850584307178631,2104,0.868703550784476,2187,0.864426877470356,2164,0.865253898440624,2219,0.861078773767947,2365,0.87172871360118,2522,0.867561059511524,2562,0.865248226950355,2340,0.87509349289454
    Merchandise,,958,0.498958333333333,991,0.496244366549825,971,0.499742665980443,1075,0.493119266055046,1038,0.492409867172676,1061,0.489843028624192,1049,0.493647058823529,1080,0.486705723298783,1149,0.492921492921493,1207,0.498554316398183,1220,0.504549214226634,1172,0.489148580968281,1209,0.499174236168456,1268,0.501185770750988,1258,0.502998800479808,1255,0.487000388048118,1342,0.494655363066716,1432,0.492604059167527,1457,0.492063492063492,1234,0.461480927449514
      Chemicals,,256,0.133333333333333,264,0.132198297446169,266,0.136901698404529,283,0.129816513761468,275,0.130455407969639,270,0.124653739612188,269,0.126588235294118,274,0.123479044614691,295,0.126555126555127,305,0.125980999586948,313,0.12944582299421,297,0.123956594323873,317,0.130883567299752,327,0.129249011857708,336,0.134346261495402,333,0.129220023282887,357,0.131588647253962,377,0.1296869625043,381,0.128672745694022,326,0.12191473448018
      Agriculture  Products,,131,0.0682291666666667,127,0.0635953930896345,117,0.0602161605764282,137,0.0628440366972477,137,0.0649905123339658,133,0.0614035087719298,133,0.0625882352941177,147,0.0662460567823344,157,0.0673530673530674,164,0.0677406030565882,176,0.0727874276261373,184,0.0767946577629382,179,0.073905862923204,191,0.0754940711462451,190,0.0759696121551379,226,0.0876988746604579,235,0.086619977884261,246,0.0846233230134159,259,0.0874704491725768,271,0.101346297681376
      Forest Products,,159,0.0828125,166,0.0831246870305458,171,0.0880082346886258,185,0.0848623853211009,176,0.0834914611005693,181,0.0835641735918744,177,0.0832941176470588,183,0.0824695808922938,191,0.0819390819390819,194,0.0801321767864519,200,0.0827129859387924,188,0.0784641068447412,183,0.0755573905862923,188,0.0743083003952569,182,0.0727708916433427,169,0.0655801319363601,175,0.0645042388499816,187,0.064327485380117,196,0.066193853427896,180,0.0673148840688108
      Emerging Markets,,116,0.0604166666666667,129,0.0645968953430145,120,0.0617601646937725,138,0.063302752293578,117,0.0555028462998103,137,0.0632502308402585,135,0.0635294117647059,124,0.0558810274898603,134,0.0574860574860575,158,0.0652622883106155,150,0.0620347394540943,138,0.0575959933222037,137,0.0565648224607762,164,0.0648221343873518,157,0.0627748900439824,147,0.0570430733410943,138,0.0508661997788426,170,0.0584795321637427,171,0.0577507598784195,169,0.0632011967090501
      Metals,,119,0.0619791666666667,125,0.0625938908362544,129,0.0663921770458055,138,0.063302752293578,138,0.0654648956356736,140,0.0646352723915051,142,0.0668235294117647,150,0.067598017124831,164,0.0703560703560704,173,0.0714580751755473,176,0.0727874276261373,160,0.0667779632721202,176,0.0726672171758877,182,0.0719367588932806,181,0.0723710515793683,163,0.0632518432285603,197,0.0726133431625507,210,0.0722394220846233,215,0.0726106045254981,129,0.0482423335826477
      Phosphates and Fertilizers,,89,0.0463541666666667,88,0.0440660991487231,75,0.0386001029336078,89,0.0408256880733945,90,0.0426944971537002,91,0.0420129270544783,83,0.0390588235294118,87,0.039206849932402,90,0.0386100386100386,93,0.0384138785625774,82,0.0339123242349049,89,0.0371452420701169,106,0.0437654830718415,104,0.0411067193675889,100,0.039984006397441,111,0.0430733410942957,130,0.047917434574272,128,0.044031647746818,116,0.0391759540695711,86,0.0321615557217651
      Food and Consumer,,88,0.0458333333333333,92,0.0460691036554832,93,0.0478641276376737,105,0.0481651376146789,105,0.0498102466793169,109,0.0503231763619575,110,0.0517647058823529,115,0.0518251464623704,118,0.0506220506220506,120,0.0495662949194548,123,0.0508684863523573,116,0.0484140233722871,111,0.0458298926507019,112,0.0442687747035573,112,0.0447820871651339,106,0.0411331005044626,110,0.0405455215628455,114,0.0392156862745098,119,0.0401891252955083,73,0.0272999252056844
    Coal,,422,0.219791666666667,442,0.221331997996996,438,0.22542460113227,478,0.219266055045872,506,0.240037950664137,541,0.249769159741459,512,0.240941176470588,521,0.234790446146913,579,0.248391248391248,593,0.244940107393639,602,0.248966087675765,604,0.252086811352254,633,0.261354252683732,638,0.252173913043478,649,0.259496201519392,683,0.265036864571207,762,0.280869885735348,824,0.283453732370141,850,0.287065180682202,849,0.317501869857891
      Coal,,405,0.2109375,426,0.213319979969955,423,0.217704580545548,460,0.211009174311927,482,0.22865275142315,519,0.239612188365651,491,0.231058823529412,500,0.225326723749437,552,0.236808236808237,562,0.232135481206113,571,0.236145574855252,574,0.239565943238731,603,0.24896779521057,607,0.239920948616601,619,0.24750099960016,654,0.253783469150175,720,0.265388868411353,777,0.267285861713106,802,0.270854441067207,811,0.303290949887809
      Coke and Iron Ore,,17,0.00885416666666667,16,0.00801201802704056,15,0.00772002058672156,18,0.00825688073394495,24,0.0113851992409867,22,0.0101569713758079,21,0.00988235294117647,21,0.00946372239747634,27,0.0115830115830116,31,0.0128046261875258,31,0.0128205128205128,30,0.0125208681135225,30,0.0123864574731627,31,0.0122529644268775,30,0.0119952019192323,29,0.0112533954210322,42,0.0154810173239956,47,0.0161678706570347,48,0.0162107396149949,38,0.0142109199700823
    Automotive,,202,0.105208333333333,220,0.110165247871808,185,0.0952135872362326,228,0.104587155963303,208,0.0986717267552182,211,0.0974145891043398,200,0.0941176470588235,225,0.101397025687247,231,0.0990990990990991,223,0.0921106980586534,183,0.075682382133995,210,0.0876460767946578,203,0.0838150289017341,223,0.0881422924901186,198,0.0791683326669332,215,0.083430345362825,202,0.0744563214154073,205,0.0705194358445132,195,0.0658561296859169,182,0.0680628272251309
    Other,,23,0.0119791666666667,19,0.00951427140711067,22,0.011322696860525,20,0.00917431192660551,27,0.0128083491461101,23,0.0106186518928901,27,0.0127058823529412,27,0.0121676430824696,38,0.0163020163020163,42,0.0173482032218092,49,0.0202646815550041,52,0.0217028380634391,59,0.0243600330305533,58,0.0229249011857708,59,0.0235905637744902,66,0.0256111757857974,59,0.0217471433837081,61,0.020983832129343,60,0.0202634245187437,75,0.0280478683620045
  Intermodal,,315,0.1640625,325,0.162744116174261,327,0.16829644879053,379,0.173853211009174,329,0.15607210626186,330,0.152354570637119,337,0.158588235294118,366,0.164939161784588,334,0.143286143286143,356,0.147046674927716,364,0.150537634408602,358,0.149415692821369,318,0.131296449215524,343,0.135573122529644,337,0.134746101559376,358,0.138921226232053,348,0.12827128639882,385,0.132438940488476,399,0.134751773049645,334,0.12490650710546
    Domestic,,192,0.1,199,0.099649474211317,184,0.0946989191971179,220,0.100917431192661,167,0.0792220113851992,185,0.0854108956602031,180,0.0847058823529412,206,0.0928346101847679,186,0.0797940797940798,198,0.0817843866171004,198,0.0818858560794045,204,0.0851419031719533,180,0.074318744838976,198,0.0782608695652174,202,0.0807676929228309,227,0.0880869227784245,220,0.0810910431256911,242,0.0832473340213278,255,0.0861195542046606,212,0.0792819745699327
    International,,117,0.0609375,124,0.0620931397095643,127,0.0653628409675759,133,0.0610091743119266,124,0.0588235294117647,124,0.0572483841181902,130,0.0611764705882353,122,0.0549797205948626,132,0.0566280566280566,148,0.0611317637339942,158,0.065343258891646,142,0.0592654424040067,133,0.0549132947976879,140,0.0553359683794466,129,0.0515793682526989,123,0.0477299185098952,123,0.0453372650202728,137,0.0471276229790162,137,0.0462681526511314,112,0.0418848167539267
    Other,,6,0.003125,2,0.00100150225338007,16,0.00823468862583634,26,0.0119266055045872,38,0.0180265654648956,21,0.00969529085872576,27,0.0127058823529412,38,0.0171248310049572,16,0.00686400686400686,10,0.00413052457662123,8,0.0033085194375517,12,0.00500834724540901,5,0.00206440957886045,5,0.00197628458498024,6,0.00239904038384646,8,0.00310438494373302,5,0.00184297825285662,6,0.00206398348813209,7,0.00236406619385343,10,0.0037397157816006
  Surface Transportation,,1920,1.0,1997,1.0,1943,1.0,2180,1.0,2108,1.0,2166,1.0,2125,1.0,2219,1.0,2331,1.0,2421,1.0,2418,1.0,2396,1.0,—,,2530,1.0,—,,2577,1.0,—,,—,,—,,—,
Operating Income,,152,1.0,297,1.0,253,1.0,317,1.0,354,1.0,431,1.0,353,1.0,412,1.0,496,1.0,520,1.0,474,1.0,507,1.0,470,1.0,604,1.0,554,1.0,609,1.0,624,1.0,717,1.0,733,1.0,692,1.0
  Rail,,132,0.868421052631579,249,0.889285714285714,216,0.874493927125506,244,0.769716088328076,299,0.844632768361582,367,0.869668246445498,293,0.811634349030471,342,0.830097087378641,425,0.872689938398357,582,0.902325581395349,414,0.846625766871166,437,0.865346534653465,438,0.899383983572895,532,0.882255389718076,489,0.885869565217391,532,0.873563218390805,565,0.902555910543131,641,0.894002789400279,636,0.867667121418827,636,0.919075144508671
  Intermodal,,19,0.125,31,0.110714285714286,31,0.125506072874494,71,0.22397476340694,52,0.146892655367232,55,0.130331753554502,68,0.188365650969529,73,0.177184466019417,62,0.127310061601643,63,0.0976744186046512,75,0.153374233128834,68,0.134653465346535,49,0.100616016427105,71,0.117744610281924,63,0.114130434782609,77,0.126436781609195,61,0.097444089456869,76,0.105997210599721,97,0.132332878581173,56,0.0809248554913295
  Adjustment,,—,,17,,6,,—,,—,,9,,-8,,—,,9,,-125,,-15,,2,,-17,,1,,2,,—,,-2,,—,,—,,—,
  Surface Transportation,,151,0.993421052631579,280,1.0,247,1.0,315,0.993690851735016,351,0.991525423728814,422,1.0,361,1.0,415,1.00728155339806,487,1.0,645,1.0,489,1.0,505,1.0,—,,603,1.0,—,,609,1.0,—,,—,,—,,—,
  Other,,1,0.00657894736842105,—,,—,,2,0.00630914826498423,3,0.00847457627118644,—,,—,,-3,-0.00728155339805825,—,,—,,—,,—,,—,,—,,—,,—,,—,,—,,—,,—,
Revenue Per Unit,,—,,—,,—,,—,,—,,—,,—,,—,,—,,—,,—,,—,,—,,—,,—,,—,,—,,—,,—,,—,
  Rail,,—,,—,,—,,—,,—,,1385,,1402,,1461,,1524,,1561,,1595,,1620,,1689,,1698,,1741,,1807,,1956,,2026,,2135,,2120,
    Automotive,,—,,—,,—,,—,,—,,1702,,1754,,1800,,1819,,1798,,1830,,1875,,1862,,1874,,1941,,1972,,2104,,2228,,2468,,2395,
    Merchandise,,—,,—,,—,,—,,—,,1428,,1459,,1558,,1625,,1656,,1711,,1736,,1791,,1804,,1861,,1931,,2065,,2118,,2231,,2215,
      Chemicals,,—,,—,,—,,—,,—,,2000,,2053,,2157,,2185,,2276,,2353,,2357,,2383,,2440,,2585,,2664,,2789,,2922,,3073,,3019,
      Food and Consumer,,—,,—,,—,,—,,—,,1730,,1774,,1885,,1844,,1905,,2016,,2035,,1982,,2036,,2154,,2163,,2157,,2280,,2380,,2704,
      Agriculture  Products,,—,,—,,—,,—,,—,,1602,,1511,,1633,,1635,,1708,,1725,,1786,,1845,,1854,,1881,,2073,,2156,,2278,,2443,,2486,
      Forest Products,,—,,—,,—,,—,,—,,1602,,1654,,1726,,1802,,1883,,2000,,1979,,1989,,2043,,2092,,2086,,2188,,2253,,2390,,2338,
      Metals,,—,,—,,—,,—,,—,,1522,,1614,,1705,,1745,,1821,,1934,,1905,,1892,,1936,,2034,,2063,,2141,,2188,,2337,,2263,
      Emerging Markets,,—,,—,,—,,—,,—,,1007,,1023,,1016,,1081,,1097,,1128,,1122,,1223,,1206,,1227,,1278,,1394,,1429,,1527,,1496,
      Phosphates and Fertilizers,,—,,—,,—,,—,,—,,778,,748,,879,,1023,,989,,882,,1023,,1152,,1169,,1124,,1207,,1429,,1407,,1333,,1303,
    Coal,,—,,—,,—,,—,,—,,1179,,1158,,1158,,1216,,1262,,1267,,1282,,1370,,1369,,1396,,1456,,1646,,1727,,1816,,1803,
      Coal,,—,,—,,—,,—,,—,,1185,,1164,,1166,,1211,,1260,,1266,,1290,,1367,,1373,,1404,,1463,,1636,,1727,,1823,,1806,
      Coke and Iron Ore,,—,,—,,—,,—,,—,,1048,,1050,,1000,,1350,,1292,,1292,,1154,,1429,,1292,,1250,,1318,,1826,,1741,,1714,,1727,
    Other,,—,,—,,—,,—,,—,,0,,0,,0,,0,,0,,0,,0,,0,,0,,0,,0,,0,,0,,0,,0,
  Intermodal,,—,,—,,—,,—,,—,,608,,619,,665,,647,,651,,645,,649,,625,,636,,636,,672,,685,,726,,750,,669,
    Domestic,,—,,—,,—,,—,,—,,852,,833,,858,,869,,896,,876,,861,,829,,828,,808,,832,,863,,903,,931,,779,
    International,,—,,—,,—,,—,,—,,419,,396,,394,,437,,454,,467,,451,,455,,467,,461,,473,,486,,523,,531,,493,
    Other,,—,,—,,—,,—,,—,,0,,0,,0,,0,,0,,0,,0,,0,,0,,0,,0,,0,,0,,0,,0,
  Surface Transportation,,—,,—,,—,,—,,—,,1159,,1168,,1221,,1277,,1295,,1306,,1324,,—,,1385,,—,,1463,,—,,—,,—,,—,
Revenue Per Unit Growth %,,—,,—,,—,,—,,—,,—,,—,,—,,—,,—,,—,,—,,—,,—,,—,,—,,—,,—,,—,,—,
  Rail,,—,,—,,—,,—,,—,,—,,9,,11,,13,,13,,14,,11,,11,,9,,9,,12,,16,,19,,23,,17,
    Coal,,—,,—,,—,,—,,—,,—,,12,,11,,13,,7,,9,,11,,13,,8,,10,,14,,20,,26,,30,,24,
      Coke and Iron Ore,,—,,—,,—,,—,,—,,—,,19,,12,,18,,23,,23,,15,,6,,0,,-3,,14,,28,,35,,37,,31,
      Coal,,—,,—,,—,,—,,—,,—,,12,,11,,10,,6,,9,,11,,13,,9,,11,,13,,20,,26,,30,,23,
    Automotive,,—,,—,,—,,—,,—,,—,,6,,7,,9,,6,,4,,4,,2,,4,,6,,5,,13,,19,,27,,21,
    Merchandise,,—,,—,,—,,—,,—,,—,,9,,13,,15,,16,,17,,11,,10,,9,,9,,11,,15,,17,,20,,15,
      Agriculture  Products,,—,,—,,—,,—,,—,,—,,6,,11,,10,,12,,14,,9,,13,,9,,9,,16,,17,,23,,30,,20,
      Emerging Markets,,—,,—,,—,,—,,—,,—,,7,,-1,,6,,9,,10,,10,,13,,10,,9,,14,,14,,18,,24,,18,
      Chemicals,,—,,—,,—,,—,,—,,—,,7,,11,,11,,14,,15,,9,,9,,7,,10,,13,,17,,20,,19,,13,
      Forest Products,,—,,—,,—,,—,,—,,—,,11,,12,,16,,18,,21,,15,,10,,8,,5,,5,,10,,10,,14,,11,
      Metals,,—,,—,,—,,—,,—,,—,,19,,19,,18,,20,,20,,12,,8,,6,,5,,8,,13,,13,,15,,10,
      Food and Consumer,,—,,—,,—,,—,,—,,—,,13,,18,,11,,10,,14,,8,,7,,7,,7,,6,,9,,12,,10,,9,
      Phosphates and Fertilizers,,—,,—,,—,,—,,—,,—,,7,,22,,33,,27,,18,,16,,13,,18,,27,,18,,24,,20,,19,,8,
    Other,,—,,—,,—,,—,,—,,—,,0,,0,,0,,0,,0,,0,,0,,0,,0,,0,,0,,0,,0,,0,
  Intermodal,,—,,—,,—,,—,,—,,—,,6,,7,,4,,7,,4,,-2,,-3,,-2,,-1,,4,,10,,14,,18,,0,
    International,,—,,—,,—,,—,,—,,—,,0,,1,,5,,8,,9,,1,,4,,3,,-1,,5,,7,,12,,15,,4,
    Other,,—,,—,,—,,—,,—,,—,,0,,0,,0,,0,,0,,0,,0,,0,,0,,0,,0,,0,,0,,0,
    Domestic,,—,,—,,—,,—,,—,,—,,8,,5,,6,,5,,2,,-5,,-5,,-8,,-8,,-3,,4,,9,,15,,-6,
  Surface Transportation,,—,,—,,—,,—,,—,,—,,9,,11,,12,,12,,12,,8,,—,,7,,—,,11,,—,,—,,—,,—,
Revenue Growth %,,—,,—,,—,,—,,—,,—,,—,,—,,—,,—,,—,,—,,—,,—,,—,,—,,—,,—,,—,,—,
  Rail,,—,,—,,—,,—,,11,,10,,11,,9,,12,,12,,15,,10,,5,,6,,5,,9,,12,,15,,18,,5,
    Coal,,—,,—,,—,,—,,20,,22,,17,,15,,14,,10,,18,,16,,9,,8,,8,,13,,20,,29,,31,,24,
      Coke and Iron Ore,,—,,—,,—,,—,,41,,38,,40,,24,,13,,41,,48,,43,,11,,0,,-3,,-3,,40,,52,,60,,31,
      Coal,,—,,—,,—,,—,,19,,22,,16,,14,,15,,8,,16,,15,,9,,8,,8,,14,,19,,28,,30,,24,
    Other,,—,,—,,—,,—,,17,,21,,23,,35,,41,,83,,81,,93,,55,,38,,20,,27,,0,,5,,2,,14,
    Merchandise,,—,,—,,—,,—,,8,,7,,8,,7,,11,,14,,16,,9,,5,,5,,3,,7,,11,,13,,16,,-2,
      Agriculture  Products,,—,,—,,—,,—,,5,,5,,14,,14,,15,,23,,32,,25,,14,,16,,8,,23,,31,,29,,36,,20,
      Food and Consumer,,—,,—,,—,,—,,19,,18,,18,,16,,12,,10,,12,,1,,-6,,-7,,-9,,-9,,-1,,2,,6,,7,
      Emerging Markets,,—,,—,,—,,—,,1,,6,,13,,-5,,15,,15,,11,,11,,2,,4,,5,,7,,1,,4,,9,,1,
      Chemicals,,—,,—,,—,,—,,7,,2,,1,,3,,7,,13,,16,,8,,7,,7,,7,,12,,13,,15,,13,,-3,
      Forest Products,,—,,—,,—,,—,,11,,9,,4,,6,,9,,7,,13,,3,,-4,,-3,,-9,,-10,,-4,,-1,,8,,-3,
      Metals,,—,,—,,—,,—,,16,,12,,10,,16,,19,,24,,24,,7,,7,,5,,3,,2,,12,,15,,19,,-21,
      Phosphates and Fertilizers,,—,,—,,—,,—,,1,,3,,11,,5,,0,,2,,-1,,2,,7,,12,,22,,25,,23,,23,,16,,-23,
    Automotive,,—,,—,,—,,—,,3,,-4,,8,,3,,11,,6,,-9,,-7,,-12,,0,,8,,2,,0,,-8,,-2,,-15,
  Intermodal,,—,,—,,—,,—,,4,,2,,3,,2,,2,,8,,8,,-2,,-5,,-4,,-7,,0,,9,,12,,18,,-7,
    Other,,—,,—,,—,,—,,533,,0,,69,,46,,-33,,67,,-20,,9,,-69,,-50,,-25,,-33,,0,,20,,17,,25,
    Domestic,,—,,—,,—,,—,,-13,,-7,,-2,,-1,,8,,4,,6,,-6,,-3,,0,,2,,11,,22,,22,,26,,-7,
    International,,—,,—,,—,,—,,6,,0,,2,,-3,,0,,10,,12,,3,,1,,-5,,-18,,-13,,-8,,-2,,6,,-9,
  Surface Transportation,,—,,—,,—,,—,,10,,8,,9,,8,,11,,12,,14,,8,,—,,5,,—,,8,,—,,—,,—,,—,
Operating Ratio,,—,,—,,—,,—,,—,,—,,—,,—,,—,,—,,—,,—,,—,,—,,—,,—,,—,,—,,—,,—,
  Intermodal,,—,,—,,—,,—,,84.2,,83.3,,79.8,,80.1,,81.4,,82.3,,79.4,,81,,84.6,,79.3,,81.3,,78.5,,82.5,,80.3,,75.7,,83.2,
  Rail,,—,,—,,—,,—,,83.2,,80,,83.6,,81.5,,78.7,,71.8,,79.8,,78.6,,79.2,,75.7,,77.4,,76,,76.1,,74.6,,75.2,,72.8,
  Surface Transportation,,—,,—,,—,,—,,—,,80.5,,83,,81.3,,79.1,,73.4,,79.8,,78.9,,—,,76.2,,—,,76.4,,—,,—,,—,,—,
Total Operating Expense,,—,,—,,—,,—,,1757,1.0,1744,1.0,1764,1.0,1804,1.0,1844,1.0,1776,1.0,1929,1.0,1891,1.0,1935,1.0,1927,1.0,1949,1.0,1968,1.0,2087,1.0,2190,1.0,2228,1.0,1982,1.0
  Rail,,—,,—,,—,,—,,1480,0.842344906089926,1469,0.842316513761468,1495,0.84750566893424,1511,0.837583148558758,1572,0.852494577006508,1483,0.835022522522523,1640,0.850181441161223,1601,0.846641988365944,1666,0.860981912144703,1655,0.85884795018163,1675,0.859415084658799,1687,0.857215447154472,1800,0.862482031624341,1881,0.858904109589041,1926,0.864452423698384,1704,0.859737638748739
  Intermodal,,—,,—,,—,,—,,277,0.157655093910074,275,0.157683486238532,269,0.15249433106576,293,0.162416851441242,272,0.147505422993492,293,0.164977477477477,289,0.149818558838777,290,0.153358011634056,269,0.139018087855297,272,0.141152049818371,274,0.140584915341201,281,0.142784552845528,287,0.137517968375659,309,0.141095890410959,302,0.135547576301616,278,0.140262361251261
  Surface Transportation,,—,,—,,—,,—,,1757,1.0,1744,1.0,1764,1.0,1804,1.0,1844,1.0,1776,1.0,1929,1.0,1891,1.0,—,,1927,1.0,—,,1968,1.0,—,,—,,—,,—,
Assets,,22073,1.0,22452,1.0,—,,—,,25092,1.0,23750,1.0,24021,1.0,24232,1.0,—,,—,,—,,25129,1.0,—,,—,,—,,25534,1.0,—,,—,,—,,26288,1.0
  Rail,,12848,0.887721965038347,13119,0.954664532091399,—,,—,,20265,0.964448886350657,20401,0.962402113406925,19947,0.966892874454678,23182,0.981872088098263,—,,—,,—,,24077,0.986924085915724,—,,—,,—,,24179,0.988431035892405,—,,—,,—,,25343,0.987492206982544
  Adjustment,,7600,,8710,,—,,—,,4080,,2552,,3391,,622,,—,,—,,—,,733,,—,,—,,—,,1072,,—,,—,,—,,624,
  Intermodal,,590,0.0407655634630001,623,0.0453354679086014,—,,—,,747,0.0355511136493432,797,0.0375978865930748,683,0.0331071255453223,305,0.0129182549767048,—,,—,,—,,276,0.0113133300541072,—,,—,,—,,283,0.0115689641075955,—,,—,,—,,321,0.0125077930174564
  Surface Transportation,,13438,0.928487528501347,13742,1.0,—,,—,,21012,1.0,21198,1.0,20630,1.0,23487,0.994790343074968,—,,—,,—,,24353,0.998237415969831,—,,—,,—,,24462,1.0,—,,—,,—,,—,
  Other,,1035,0.0715124714986527,—,,—,,—,,0,,—,,—,,123,0.00520965692503177,—,,—,,—,,43,0.00176258403016888,—,,—,,—,,—,,—,,—,,—,,—,
Sales Change - Volume %,,—,,—,,—,,—,,—,,—,,—,,—,,—,,—,,—,,—,,—,,—,,—,,—,,—,,—,,—,,—,
  Intermodal,,—,,—,,—,,—,,-4,,-8,,-3,,-5,,-2,,1,,0,,0,,-1,,-1,,-6,,-3,,0,,-2,,0,,-6,
    Other,,—,,—,,—,,—,,0,,0,,0,,0,,0,,0,,0,,0,,0,,0,,0,,0,,0,,0,,0,,0,
    Domestic,,—,,—,,—,,—,,-17,,-16,,-10,,-6,,1,,-1,,5,,-1,,1,,8,,11,,15,,18,,12,,10,,0,
    International,,—,,—,,—,,—,,7,,-1,,3,,-4,,-4,,2,,3,,2,,-3,,-8,,-17,,-17,,-13,,-13,,-8,,-13,
  Rail,,—,,—,,—,,—,,3,,1,,1,,-2,,0,,0,,1,,-1,,-5,,-3,,-3,,-2,,-3,,-3,,-3,,-10,
    Other,,—,,—,,—,,—,,0,,0,,0,,0,,0,,0,,0,,0,,0,,0,,0,,0,,0,,0,,0,,0,
    Coal,,—,,—,,—,,—,,9,,7,,4,,3,,4,,2,,7,,5,,-3,,-1,,-2,,0,,0,,29,,1,,0,
      Coal,,—,,—,,—,,—,,8,,7,,4,,3,,4,,2,,7,,4,,-3,,-1,,-2,,0,,0,,2,,0,,0,
      Coke and Iron Ore,,—,,—,,—,,—,,24,,24,,18,,11,,-5,,14,,20,,24,,5,,0,,0,,-15,,10,,13,,17,,0,
    Merchandise,,—,,—,,—,,—,,0,,-2,,-1,,-5,,-4,,-2,,-1,,-3,,-5,,-4,,-5,,-4,,-4,,-4,,-3,,-14,
      Agriculture  Products,,—,,—,,—,,—,,0,,-2,,7,,2,,4,,10,,16,,14,,1,,7,,-1,,6,,12,,5,,5,,0,
      Food and Consumer,,—,,—,,—,,—,,7,,3,,5,,-2,,2,,0,,-2,,-7,,-13,,-13,,-15,,-14,,-9,,-9,,-4,,-2,
      Forest Products,,—,,—,,—,,—,,-1,,-2,,-7,,-5,,-6,,-9,,-7,,-10,,-13,,-11,,-13,,-15,,-13,,-10,,-6,,-12,
      Emerging Markets,,—,,—,,—,,—,,3,,1,,5,,-5,,8,,6,,1,,1,,-10,,-6,,-4,,-7,,-12,,-13,,-13,,-14,
      Chemicals,,—,,—,,—,,—,,1,,-4,,-6,,-7,,-4,,-1,,2,,-1,,-1,,0,,-2,,-1,,-4,,-4,,-5,,-14,
      Metals,,—,,—,,—,,—,,-1,,-3,,-7,,-2,,1,,3,,3,,-5,,-1,,-1,,-2,,-6,,-1,,2,,3,,-28,
      Phosphates and Fertilizers,,—,,—,,—,,—,,-3,,-3,,4,,-14,,-25,,-20,,-16,,-12,,5,,-5,,-4,,6,,-1,,2,,-2,,-28,
    Automotive,,—,,—,,—,,—,,0,,-8,,2,,-4,,2,,0,,-12,,-10,,-14,,-4,,2,,-3,,-12,,-23,,-23,,-30,
  Surface Transportation,,—,,—,,—,,—,,1,,-2,,0,,-3,,-1,,0,,4,,0,,—,,-2,,—,,-3,,—,,—,,—,,—,
Operating Income Change Amount,,—,,—,,—,,—,,—,,—,,114,1.0,—,,—,,—,,—,,—,,—,,—,,—,,—,,—,,—,,—,,—,
  Surface Transportation,,—,,—,,—,,—,,—,,—,,114,1.0,—,,—,,—,,—,,—,,—,,—,,—,,—,,—,,—,,—,,—,
    Intermodal,,—,,—,,—,,—,,—,,—,,37,0.324561403508772,—,,—,,—,,—,,—,,—,,—,,—,,—,,—,,—,,—,,—,
    Rail,,—,,—,,—,,—,,—,,—,,77,0.675438596491228,—,,—,,—,,—,,—,,—,,—,,—,,—,,—,,—,,—,,—,
Depreciation and Amortization,,—,,—,,—,,—,,209,1.0,418,1.0,202,1.0,213,1.0,212,1.0,218,1.0,218,1.0,219,1.0,225,1.0,223,1.0,218,1.0,224,1.0,225,1.0,231,1.0,230,1.0,232,1.0
  Rail,,—,,—,,—,,—,,193,0.950738916256158,193,0.950738916256158,195,0.955882352941177,205,0.944700460829493,211,0.95475113122172,206,0.953703703703704,205,0.962441314553991,206,0.953703703703704,211,0.95475113122172,212,0.959276018099548,211,0.959090909090909,214,0.972727272727273,217,0.977477477477477,220,0.969162995594714,221,0.973568281938326,221,0.969298245614035
  Intermodal,,—,,—,,—,,—,,10,0.0492610837438424,10,0.0492610837438424,9,0.0441176470588235,10,0.0460829493087558,10,0.0452488687782805,10,0.0462962962962963,8,0.0375586854460094,10,0.0462962962962963,10,0.0452488687782805,9,0.0407239819004525,9,0.0409090909090909,6,0.0272727272727273,5,0.0225225225225225,7,0.0308370044052863,6,0.026431718061674,7,0.0307017543859649
  Reconciliation,,—,,—,,—,,—,,6,,215,,-2,,-4,,-9,,2,,5,,3,,4,,2,,-2,,4,,3,,4,,3,,4,
  Surface Transportation,,—,,—,,—,,—,,203,1.0,203,1.0,204,1.0,215,0.990783410138249,221,1.0,216,1.0,213,1.0,216,1.0,—,,221,1.0,—,,220,1.0,—,,—,,—,,—,
  Other,,—,,—,,—,,—,,—,,—,,—,,2,0.00921658986175115,—,,—,,—,,—,,—,,—,,—,,—,,—,,—,,—,,—,
Cargo Tonnes,,—,,—,,—,,—,,46300000,1.0,46500000,1.0,45000000,1.0,45700000,1.0,48700000,1.0,47500000,1.0,48400000,1.0,47900000,1.0,47800000,1.0,48000000,1.0,48100000,1.0,50800000,1.0,50100000,1.0,51800000,1.0,50800000,1.0,51500000,1.0
  Coal,,—,,—,,—,,—,,46300000,1.0,46500000,1.0,45000000,1.0,45700000,1.0,48700000,1.0,47500000,1.0,48400000,1.0,47900000,1.0,47800000,1.0,48000000,1.0,48100000,1.0,50800000,1.0,50100000,1.0,51800000,1.0,50800000,1.0,51500000,1.0
    Domestic,,—,,—,,—,,—,,42500000,0.91792656587473,43200000,0.929032258064516,42200000,0.937777777777778,43300000,0.947483588621444,45500000,0.93429158110883,44300000,0.932631578947368,45300000,0.935950413223141,44100000,0.920668058455115,43100000,0.901673640167364,43800000,0.9125,43400000,0.902286902286902,42600000,0.838582677165354,40600000,0.810379241516966,41100000,0.793436293436293,41600000,0.818897637795276,42500000,0.825242718446602
      Utility,,—,,—,,—,,—,,36800000,0.794816414686825,36500000,0.78494623655914,37000000,0.822222222222222,38100000,0.833698030634573,40400000,0.829568788501027,39400000,0.829473684210526,40000000,0.826446280991736,38600000,0.805845511482255,38300000,0.801255230125523,38600000,0.804166666666667,38300000,0.796257796257796,37900000,0.746062992125984,36700000,0.732534930139721,36500000,0.704633204633205,37200000,0.732283464566929,38400000,0.745631067961165
      Other,,—,,—,,—,,—,,5700000,0.123110151187905,6700000,0.144086021505376,5200000,0.115555555555556,5200000,0.113785557986871,5100000,0.104722792607803,4900000,0.103157894736842,5300000,0.109504132231405,5500000,0.11482254697286,4800000,0.100418410041841,5200000,0.108333333333333,5100000,0.106029106029106,4700000,0.0925196850393701,3900000,0.0778443113772455,4600000,0.0888030888030888,4400000,0.0866141732283465,4100000,0.0796116504854369
    Export,,—,,—,,—,,—,,3800000,0.08207343412527,3300000,0.0709677419354839,2800000,0.0622222222222222,2400000,0.0525164113785558,3200000,0.0657084188911704,3200000,0.0673684210526316,3100000,0.0640495867768595,3800000,0.0793319415448852,4700000,0.098326359832636,4200000,0.0875,4700000,0.0977130977130977,6300000,0.124015748031496,7600000,0.151696606786427,8400000,0.162162162162162,6900000,0.135826771653543,7100000,0.137864077669903
    Coke & Iron Ore,,—,,—,,—,,—,,—,,—,,—,,—,,—,,—,,—,,—,,—,,—,,—,,1900000,0.0374015748031496,1900000,0.0379241516966068,2300000,0.0444015444015444,2300000,0.0452755905511811,1900000,0.0368932038834951
Carloads/Unit Volumes,,—,,—,,—,,—,,1844,1.0,1869,1.0,1819,1.0,1818,1.0,1826,1.0,1870,1.0,1852,1.0,1810,1.0,1755,1.0,1827,1.0,1773,1.0,1761,1.0,1717,1.0,1775,1.0,1732,1.0,1603,1.0
  Rail,,—,,—,,—,,—,,1316,0.713665943600868,1326,0.709470304975923,1275,0.700934579439252,1268,0.697469746974697,1310,0.717415115005477,1323,0.707486631016043,1288,0.695464362850972,1258,0.695027624309392,1246,0.70997150997151,1288,0.704980842911877,1243,0.70107163000564,1228,0.69733106189665,1209,0.704135119394292,1245,0.701408450704225,1200,0.69284064665127,1104,0.688708671241422
    Merchandise,,—,,—,,—,,—,,733,0.397505422993492,743,0.397538790797218,719,0.395272127542606,693,0.381188118811881,707,0.387185104052574,729,0.389839572192513,713,0.384989200863931,675,0.37292817679558,675,0.384615384615385,703,0.384783798576902,676,0.381274675690919,650,0.369108461101647,650,0.378567268491555,676,0.380845070422535,653,0.3770207852194,557,0.347473487211478
      Emerging Markets,,—,,—,,—,,—,,115,0.0623644251626898,136,0.0727661851257357,132,0.0725673446948873,122,0.0671067106710671,124,0.067907995618839,144,0.0770053475935829,133,0.0718142548596112,123,0.0679558011049724,112,0.0638176638176638,136,0.0744389709906951,128,0.0721940214326001,115,0.0653038046564452,99,0.0576587070471753,119,0.0670422535211268,112,0.0646651270207852,113,0.0704928259513412
      Agriculture  Products,,—,,—,,—,,—,,92,0.0498915401301518,87,0.0465489566613162,88,0.0483782297965915,90,0.0495049504950495,96,0.0525739320920044,96,0.0513368983957219,102,0.0550755939524838,103,0.0569060773480663,97,0.0552706552706553,103,0.0563765736179529,101,0.056965595036661,109,0.0618966496308915,109,0.0634828188701223,108,0.0608450704225352,106,0.0612009237875289,109,0.0679975046787274
      Chemicals,,—,,—,,—,,—,,140,0.0759219088937093,135,0.07223113964687,131,0.0720175920835624,127,0.0698569856985699,135,0.0739320920043812,134,0.0716577540106952,133,0.0718142548596112,126,0.0696132596685083,133,0.0757834757834758,134,0.073344280240832,130,0.0733220530174845,125,0.0709823963657013,128,0.0745486313337216,129,0.0726760563380282,124,0.0715935334872979,108,0.0673736743605739
      Forest Products,,—,,—,,—,,—,,113,0.0612798264642082,113,0.0604601391118245,107,0.0588235294117647,106,0.0583058305830583,106,0.0580503833515882,103,0.0550802139037433,100,0.0539956803455724,95,0.0524861878453039,92,0.0524216524216524,92,0.0503557744937055,87,0.0490693739424704,81,0.0459965928449745,80,0.046592894583576,83,0.0467605633802817,82,0.0473441108545035,77,0.0480349344978166
      Phosphates and Fertilizers,,—,,—,,—,,—,,117,0.0634490238611714,117,0.0626003210272873,111,0.0610225398570643,99,0.0544554455445545,88,0.0481927710843374,94,0.0502673796791444,93,0.0502159827213823,87,0.0480662983425414,92,0.0524216524216524,89,0.0487137383689108,89,0.0501974055273548,92,0.0522430437251562,91,0.0529994175888177,91,0.0512676056338028,87,0.0502309468822171,66,0.0411728009981285
      Metals,,—,,—,,—,,—,,93,0.0504338394793926,92,0.0492241840556447,88,0.0483782297965915,88,0.0484048404840484,94,0.0514786418400876,95,0.0508021390374332,91,0.0491360691144708,84,0.0464088397790055,93,0.052991452991453,94,0.0514504652435687,89,0.0501974055273548,79,0.0448608745031232,92,0.0535818287711124,96,0.0540845070422535,92,0.0531177829099307,57,0.0355583281347473
      Food and Consumer,,—,,—,,—,,—,,63,0.0341648590021692,63,0.0337078651685393,62,0.034084661902144,61,0.0335533553355336,64,0.0350492880613363,63,0.0336898395721925,61,0.0329373650107991,57,0.0314917127071823,56,0.0319088319088319,55,0.030103995621237,52,0.0293288212069938,49,0.0278250993753549,51,0.0297029702970297,50,0.028169014084507,50,0.0288683602771363,27,0.0168434185901435
    Coal,,—,,—,,—,,—,,458,0.248373101952278,459,0.245585874799358,442,0.242990654205607,450,0.247524752475248,476,0.260679079956188,470,0.251336898395722,475,0.256479481641469,471,0.260220994475138,462,0.263247863247863,466,0.255062944718117,465,0.262267343485618,469,0.266325951164111,463,0.269656377402446,477,0.268732394366197,468,0.270207852193995,471,0.293824079850281
      Coal,,—,,—,,—,,—,,437,0.236984815618221,438,0.234349919743178,422,0.231995601979109,429,0.235973597359736,456,0.249726177437021,446,0.238502673796791,451,0.243520518358531,445,0.24585635359116,441,0.251282051282051,442,0.241926655719759,441,0.248730964467005,447,0.253833049403748,440,0.256260920209668,450,0.253521126760563,440,0.254041570438799,449,0.280099812850905
      Coke and Iron Ore,,—,,—,,—,,—,,21,0.0113882863340564,21,0.0112359550561798,20,0.0109950522264981,21,0.0115511551155116,20,0.0109529025191676,24,0.0128342245989305,24,0.0129589632829374,26,0.0143646408839779,21,0.011965811965812,24,0.013136288998358,24,0.0135363790186125,22,0.0124929017603634,23,0.0133954571927781,27,0.0152112676056338,28,0.0161662817551963,22,0.0137242669993762
    Automotive,,—,,—,,—,,—,,125,0.0677874186550976,124,0.0663456393793472,114,0.062671797691039,125,0.0687568756875688,127,0.0695509309967141,124,0.0663101604278075,100,0.0539956803455724,112,0.061878453038674,109,0.0621082621082621,119,0.0651340996168582,102,0.0575296108291032,109,0.0618966496308915,96,0.0559114735002912,92,0.051830985915493,79,0.0456120092378753,76,0.0474111041796631
    Other,,—,,—,,—,,—,,0,,0,,0,,0,,0,,0,,0,,0,,0,,0,,0,,0,,0,,0,,0,,0,
  Intermodal,,—,,—,,—,,—,,528,0.286334056399132,543,0.290529695024077,544,0.299065420560748,550,0.302530253025303,516,0.282584884994524,547,0.292513368983957,564,0.304535637149028,552,0.304972375690608,509,0.29002849002849,539,0.295019157088123,530,0.29892836999436,533,0.30266893810335,508,0.295864880605708,530,0.298591549295775,532,0.30715935334873,499,0.311291328758578
    Domestic,,—,,—,,—,,—,,212,0.114967462039046,223,0.119315141787052,216,0.118746564046179,240,0.132013201320132,214,0.117196056955093,221,0.118181818181818,226,0.122030237580994,237,0.130939226519337,217,0.123646723646724,239,0.130815544608648,250,0.141003948110547,273,0.155025553662692,255,0.148514851485149,268,0.150985915492958,274,0.158198614318707,272,0.169681846537742
    International,,—,,—,,—,,—,,316,0.171366594360087,320,0.171214553237025,328,0.180318856514568,310,0.170517051705171,302,0.16538882803943,326,0.174331550802139,338,0.182505399568035,315,0.174033149171271,292,0.166381766381766,300,0.164203612479475,280,0.157924421883813,260,0.147643384440659,253,0.147350029120559,262,0.147605633802817,258,0.148960739030023,227,0.141609482220836
    Other,,—,,—,,—,,—,,0,,0,,0,,0,,0,,0,,0,,0,,0,,0,,0,,0,,0,,0,,0,,0,
  Surface Transportation,,—,,—,,—,,—,,1844,1.0,1869,1.0,1819,1.0,1818,1.0,1826,1.0,1870,1.0,1852,1.0,1810,1.0,1755,1.0,1827,1.0,1773,1.0,1761,1.0,—,,—,,—,,—,
Revenue Ton-Miles / Kms,,—,,—,,—,,—,,62200,1.0,62200,1.0,60200,1.0,61400,1.0,63900,1.0,63800,1.0,63000,1.0,62400,1.0,62000,1.0,63700,1.0,61900,1.0,61400,1.0,62800,1.0,64200,1.0,62600,1.0,57900,1.0
  Rail,,—,,—,,—,,—,,57200,0.919614147909968,57100,0.918006430868167,55100,0.915282392026578,56000,0.912052117263844,58800,0.92018779342723,58500,0.91692789968652,57600,0.914285714285714,57200,0.916666666666667,57300,0.924193548387097,58800,0.923076923076923,57100,0.922455573505654,56700,0.923452768729642,58100,0.92515923566879,59300,0.923676012461059,57700,0.921725239616613,53400,0.922279792746114
    Merchandise,,—,,—,,—,,—,,34200,0.54983922829582,34400,0.553054662379421,32800,0.54485049833887,33700,0.54885993485342,35100,0.549295774647887,35400,0.554858934169279,34600,0.549206349206349,34000,0.544871794871795,33800,0.545161290322581,34900,0.547880690737834,33500,0.541195476575121,33100,0.539087947882736,33900,0.539808917197452,34900,0.543613707165109,33800,0.539936102236422,29500,0.509499136442142
    Coal,,—,,—,,—,,—,,20800,0.334405144694534,20500,0.329581993569132,20300,0.337209302325581,20000,0.325732899022801,21400,0.33489827856025,21000,0.329153605015674,21300,0.338095238095238,21100,0.338141025641026,21600,0.348387096774194,21800,0.342229199372057,21700,0.350565428109855,21600,0.351791530944625,22500,0.35828025477707,22900,0.356697819314642,22500,0.359424920127796,22600,0.390328151986183
    Automotive,,—,,—,,—,,—,,2200,0.0353697749196141,2200,0.0353697749196141,2000,0.0332225913621262,2300,0.0374592833876222,2300,0.0359937402190923,2100,0.0329153605015674,1700,0.026984126984127,2100,0.0336538461538462,1900,0.0306451612903226,2100,0.032967032967033,1900,0.0306946688206785,2000,0.0325732899022801,1700,0.0270700636942675,1500,0.0233644859813084,1400,0.0223642172523962,1300,0.0224525043177893
  Intermodal,,—,,—,,—,,—,,5000,0.0803858520900322,5100,0.0819935691318328,5100,0.0847176079734219,5400,0.0879478827361563,5100,0.07981220657277,5300,0.0830721003134796,5400,0.0857142857142857,5200,0.0833333333333333,4700,0.0758064516129032,4900,0.0769230769230769,4800,0.0775444264943457,4700,0.0765472312703583,4700,0.0748407643312102,4900,0.0763239875389408,4900,0.0782747603833866,4500,0.077720207253886
  Surface Transportation,,—,,—,,—,,—,,62200,1.0,62200,1.0,60200,1.0,61400,1.0,63900,1.0,63800,1.0,63000,1.0,62400,1.0,62000,1.0,63700,1.0,61900,1.0,61400,1.0,—,,—,,—,,—,
Source: Bloomberg,,,,,,,,,,,,,,,,,,,,,,,,,,,,,,,,,,,,,,,,,
