Unnamed: 0,Unnamed: 1,Unnamed: 2,Unnamed: 3,Unnamed: 4,Unnamed: 5,Unnamed: 6,Unnamed: 7,Unnamed: 8,Unnamed: 9,Unnamed: 10,Unnamed: 11,Unnamed: 12,Unnamed: 13,Unnamed: 14,Unnamed: 15,Unnamed: 16,Unnamed: 17,Unnamed: 18,Unnamed: 19,Unnamed: 20,Unnamed: 21,Unnamed: 22,Unnamed: 23,Unnamed: 24,Unnamed: 25,Unnamed: 26,Unnamed: 27,Unnamed: 28,Unnamed: 29,Unnamed: 30,Unnamed: 31,Unnamed: 32,Unnamed: 33,Unnamed: 34,Unnamed: 35,Unnamed: 36,Unnamed: 37,Unnamed: 38,Unnamed: 39,Unnamed: 40,Unnamed: 41,Unnamed: 42,Unnamed: 43,Unnamed: 44,Unnamed: 45,Unnamed: 46,Unnamed: 47,Unnamed: 48,Unnamed: 49,Unnamed: 50,Unnamed: 51,Unnamed: 52,Unnamed: 53,Unnamed: 54,Unnamed: 55,Unnamed: 56,Unnamed: 57,Unnamed: 58,Unnamed: 59,Unnamed: 60,Unnamed: 61,Unnamed: 62,Unnamed: 63,Unnamed: 64,Unnamed: 65,Unnamed: 66,Unnamed: 67,Unnamed: 68,Unnamed: 69,Unnamed: 70,Unnamed: 71,Unnamed: 72,Unnamed: 73,Unnamed: 74,Unnamed: 75,Unnamed: 76,Unnamed: 77,Unnamed: 78,Unnamed: 79,Unnamed: 80,Unnamed: 81
UnitedHealth Group Inc (UNH US) - By Measure,,,,,,,,,,,,,,,,,,,,,,,,,,,,,,,,,,,,,,,,,,,,,,,,,,,,,,,,,,,,,,,,,,,,,,,,,,,,,,,,,
,,,,,,,,,,,,,,,,,,,,,,,,,,,,,,,,,,,,,,,,,,,,,,,,,,,,,,,,,,,,,,,,,,,,,,,,,,,,,,,,,
In Millions of USD except Per Share,,Q4 2004,,Q1 2005,,Q2 2005,,Q3 2005,,Q4 2005,,Q1 2006,,Q2 2006,,Q3 2006,,Q4 2006,,Q1 2007,,Q2 2007,,Q3 2007,,Q4 2007,,Q1 2008,,Q2 2008,,Q3 2008,,Q4 2008,,Q1 2009,,Q2 2009,,Q3 2009,,Q4 2009,,Q1 2010,,Q2 2010,,Q3 2010,,Q4 2010,,Q1 2011,,Q2 2011,,Q3 2011,,Q4 2011,,Q1 2012,,Q2 2012,,Q3 2012,,Q4 2012,,Q1 2013,,Q2 2013,,Q3 2013,,Q4 2013,,Q1 2014,,Q2 2014,,Q3 2014,
3 Months Ending,,12/31/2004,,03/31/2005,,06/30/2005,,09/30/2005,,12/31/2005,,03/31/2006,,06/30/2006,,09/30/2006,,12/31/2006,,03/31/2007,,06/30/2007,,09/30/2007,,12/31/2007,,03/31/2008,,06/30/2008,,09/30/2008,,12/31/2008,,03/31/2009,,06/30/2009,,09/30/2009,,12/31/2009,,03/31/2010,,06/30/2010,,09/30/2010,,12/31/2010,,03/31/2011,,06/30/2011,,09/30/2011,,12/31/2011,,03/31/2012,,06/30/2012,,09/30/2012,,12/31/2012,,03/31/2013,,06/30/2013,,09/30/2013,,12/31/2013,,03/31/2014,,06/30/2014,,09/30/2014,
Revenue,,9942,1.0,11164,1.0,11379,1.0,11613,1.0,12165,1.0,17581,1.0,17863,1.0,17970,1.0,18157,1.0,19047,1.0,19000,1.0,18679,1.0,18705,1.0,20304,1.0,20272,1.0,20156,1.0,20454,1.0,22004,1.0,21655,1.0,21695,1.0,87138,1.0,23193,1.0,23264,1.0,23668,1.0,24030,1.0,25432,1.0,25234,1.0,25280,1.0,25916,1.0,27282,1.0,27265,1.0,27302,1.0,28769,1.0,30340,1.0,30408,1.0,30624,1.0,31117,1.0,31708,1.0,32574,1.0,32759,1.0
  UnitedHealthcare,,—,,—,,—,,—,,—,,—,,—,,—,,—,,—,,—,,—,,—,,—,,—,,—,,—,,—,,—,,—,,82192,0.949691493541007,21809,0.947393570807993,21820,0.943975773307376,22161,0.941738908720041,22389,0.937602077138909,23712,0.939089108910891,23518,0.937943686687405,23499,0.93584229390681,24049,0.93307208815085,25389,0.936517890077462,25368,0.936537822571713,25393,0.935044371616894,26616,0.931150293870697,28077,0.931645485615688,28142,0.931453347896601,28254,0.927546699057812,28635,0.925710406362138,29098,0.923247771044198,29860,0.923771810419503,29904,0.917666554147359
    Premium,,—,,—,,—,,—,,—,,—,,—,,—,,—,,—,,—,,—,,—,,—,,—,,—,,—,,—,,—,,—,,78251,0.904155015829732,20829,0.904821894005213,20812,0.900367726584469,21144,0.898521162672106,21373,0.895054231751748,22656,0.897267326732673,22438,0.894871181303342,22441,0.893707686180804,22952,0.890509816093738,24211,0.893065289561048,24184,0.892826817292428,24197,0.8910041609898,25393,0.888364119787294,26681,0.885323688489233,26603,0.880515010094992,26698,0.876464988017465,27042,0.874212006594899,27511,0.872893993717676,28213,0.872818958049746,28287,0.868045539632369
    Services,,—,,—,,—,,—,,—,,—,,—,,—,,—,,—,,—,,—,,—,,—,,—,,—,,—,,—,,—,,—,,3941,0.0455364777112749,980,0.0425716768027802,1008,0.0436080467229072,1017,0.0432177460479347,1016,0.0425478453871603,1056,0.0418217821782178,1080,0.0430725053840632,1058,0.0421346077260056,1097,0.0425622720571118,1178,0.0434526005164146,1184,0.0437110052792853,1196,0.0440402106270943,1222,0.0427511894766303,1394,0.0462554335202575,1537,0.0508721411313011,1554,0.0510160533140737,1591,0.0514337438981024,1586,0.0503220484183139,1646,0.0509219156045044,1617,0.0496210145149906
    Products,,—,,—,,—,,—,,—,,—,,—,,—,,—,,—,,—,,—,,—,,—,,—,,—,,—,,—,,—,,—,,0,,0,,0,,0,,0,,0,,0,,0,,0,,0,,0,,0,,1,3.49846067730199e-05,2,6.63636061983608e-05,2,6.61966703074835e-05,2,6.56577262729392e-05,2,6.46558691365209e-05,1,3.17289082082686e-05,1,3.09367652518253e-05,0,
  Optum,,—,,—,,—,,—,,—,,—,,—,,—,,—,,—,,—,,—,,—,,—,,—,,—,,—,,—,,—,,—,,4354,0.0503085064589929,1211,0.0526064291920069,1295,0.0560242266926238,1371,0.0582610912799592,1490,0.0623979228610913,1538,0.0609108910891089,1556,0.0620563133125947,1611,0.06415770609319,1725,0.0669279118491503,1721,0.0634821099225378,1719,0.0634621774282866,1764,0.0649556283831056,1968,0.0688497061293031,2060,0.0683545143843116,2071,0.0685466521033992,2207,0.0724533009421884,2298,0.0742895936378625,2419,0.0767522289558016,2464,0.0762281895804975,2683,0.0823334458526406
    Optum Rx,,—,,—,,—,,—,,—,,—,,—,,—,,—,,—,,—,,—,,—,,—,,—,,—,,—,,—,,—,,—,,1868,0.0215838975804774,526,0.0228496959165943,577,0.0249621457927753,583,0.0247747747747748,588,0.0246241467398132,646,0.0255841584158416,606,0.024168461354391,657,0.0261648745519713,661,0.0256459998448048,685,0.0252674289929915,681,0.0251412116513457,689,0.0253709909047391,692,0.0242093478869298,748,0.0248199887181869,752,0.0248899480356138,821,0.0269524966350415,846,0.0273494326447483,994,0.0315385347590189,1045,0.0323289196881574,1075,0.0329886150919078
      Products,,—,,—,,—,,—,,—,,—,,—,,—,,—,,—,,—,,—,,—,,—,,—,,—,,—,,—,,—,,—,,1819,0.0210177246782058,510,0.0221546481320591,562,0.0243132165260653,567,0.0240948495665477,571,0.0239122241299887,627,0.0248316831683168,588,0.0234505862646566,638,0.0254082039028276,639,0.0247924264762939,664,0.0244928070822575,662,0.0244397681544652,668,0.024597709614464,670,0.0234396865379233,725,0.0240568072469058,728,0.024095587991924,797,0.0261646039197663,821,0.0265412342805418,964,0.0305866675127709,1018,0.0314936270263581,1051,0.0322521250805536
      Services,,—,,—,,—,,—,,—,,—,,—,,—,,—,,—,,—,,—,,—,,—,,—,,—,,—,,—,,—,,—,,49,0.000566172902271624,16,0.000695047784535187,15,0.000648929266709929,16,0.000679925208227095,17,0.000711922609824532,19,0.000752475247524752,18,0.000717875089734386,19,0.000756670649143767,22,0.000853573368510903,21,0.000774621910734047,19,0.000701443496880422,21,0.000773281290275067,22,0.000769661349006437,23,0.000763181471281149,24,0.000794360043689802,24,0.00078789271527527,25,0.000808198364206511,30,0.000951867246248057,27,0.000835292661799282,24,0.000736490011354221
      Premium,,—,,—,,—,,—,,—,,—,,—,,—,,—,,—,,—,,—,,—,,—,,—,,—,,—,,—,,—,,—,,0,,0,,0,,0,,0,,0,,0,,0,,0,,0,,0,,0,,0,,0,,0,,0,,0,,0,,0,,0,
    OptumHealth,,—,,—,,—,,—,,—,,—,,—,,—,,—,,—,,—,,—,,—,,—,,—,,—,,—,,—,,—,,—,,1354,0.0156448593811384,375,0.0162901824500434,399,0.0172615184944841,407,0.0172955974842767,416,0.0174211650404121,440,0.0174257425742574,518,0.0206588498045784,567,0.0225806451612903,623,0.0241716458446497,629,0.0232017705643674,618,0.0228153726880053,623,0.0229406782781603,661,0.0231248250769661,805,0.0267113514948402,798,0.0264124714526859,855,0.0280686779816815,913,0.0295154042608218,874,0.0277310657740267,873,0.0270077960648435,1064,0.0326510571700371
      Premium,,—,,—,,—,,—,,—,,—,,—,,—,,—,,—,,—,,—,,—,,—,,—,,—,,—,,—,,—,,—,,1064,0.0122940401636124,299,0.0129887054735013,313,0.0135409906986805,323,0.0137259901410845,312,0.0130658737803091,347,0.0137425742574257,375,0.014955731036133,365,0.0145360414177618,409,0.0158687048964072,420,0.0154924382146809,425,0.0156901834828516,443,0.0163125529329455,455,0.015917996081724,593,0.019676809237814,617,0.0204216727898587,658,0.021601391943797,665,0.0214980764878932,604,0.0191642605577942,627,0.0193973518128944,685,0.0210206524074017
      Services,,—,,—,,—,,—,,—,,—,,—,,—,,—,,—,,—,,—,,—,,—,,—,,—,,—,,—,,—,,—,,274,0.00316594643311072,72,0.00312771503040834,82,0.00354747999134761,78,0.00331463539010709,99,0.00414590225721345,87,0.00344554455445545,137,0.00546382707186727,197,0.00784547988849064,207,0.00803134942189804,202,0.00745112504610845,187,0.00690368073245468,176,0.00648083367087675,202,0.00706689056815001,207,0.00686863324153035,176,0.00582530698705855,193,0.00633597058533863,243,0.00785568810008729,263,0.00834470285877463,242,0.00748669719094172,373,0.0114462822597969
      Products,,—,,—,,—,,—,,—,,—,,—,,—,,—,,—,,—,,—,,—,,—,,—,,—,,—,,—,,—,,—,,16,0.000184872784415224,4,0.000173761946133797,4,0.000173047804455981,6,0.000254971953085161,5,0.000209389002889568,6,0.000237623762376238,6,0.000239291696578129,5,0.000199123855037834,7,0.000271591526344378,7,0.000258207303578015,6,0.000221508472699081,4,0.000147291674338108,4,0.000139938427092079,5,0.000165909015495902,5,0.000165491675768709,4,0.000131315452545878,5,0.000161639672841302,7,0.00022210235745788,4,0.000123747061007301,6,0.000184122502838555
    Optum Insight,,—,,—,,—,,—,,—,,—,,—,,—,,—,,—,,—,,—,,—,,—,,—,,—,,—,,—,,—,,—,,1132,0.0130797494973771,310,0.0134665508253692,319,0.0138005624053645,381,0.0161907190209077,486,0.020352611080866,452,0.0179009900990099,432,0.0172290021536253,387,0.0154121863799283,441,0.0171102661596958,407,0.0150129103651789,420,0.0155055930889357,452,0.0166439592002062,615,0.0215155331654072,507,0.0168231741712845,521,0.0172442326150995,531,0.0174321263254653,539,0.0174247567322924,551,0.017482628422756,546,0.0168914738274966,544,0.0166937735906957
      Services,,—,,—,,—,,—,,—,,—,,—,,—,,—,,—,,—,,—,,—,,—,,—,,—,,—,,—,,—,,—,,1042,0.0120398400850415,296,0.012858384013901,308,0.0133246809431105,358,0.0152133265340813,441,0.0184681100548599,436,0.0172673267326733,421,0.0167903007098987,363,0.0144563918757467,396,0.0153643206331962,390,0.0143858354850609,410,0.0151364123011039,431,0.0158706779099311,576,0.0201511335012594,488,0.0161927199124,507,0.0167808559229471,509,0.016709891336463,502,0.0162286231532667,525,0.016657676809341,532,0.016458359113971,521,0.0159879706631479
      Products,,—,,—,,—,,—,,—,,—,,—,,—,,—,,—,,—,,—,,—,,—,,—,,—,,—,,—,,—,,—,,90,0.00103990941233564,14,0.000608166811468288,11,0.000475881462253948,23,0.000977392486826449,45,0.00188450102600611,16,0.000633663366336634,11,0.000438701443726569,24,0.000955794504181601,45,0.00174594552649957,17,0.000627074880118038,10,0.000369180787831801,21,0.000773281290275067,39,0.00136439966414778,19,0.000630454258884428,14,0.000463376692152385,22,0.000722234989002331,37,0.00119613357902564,26,0.000824951613414982,14,0.000433114713525554,23,0.000705802927547795
      Premium,,—,,—,,—,,—,,—,,—,,—,,—,,—,,—,,—,,—,,—,,—,,—,,—,,—,,—,,—,,—,,0,,0,,0,,0,,0,,0,,0,,0,,0,,0,,0,,0,,0,,0,,0,,0,,0,,0,,0,,0,
  Adjustment,,-459,,114,,129,,141,,241,,—,,194,,226,,313,,270,,293,,302,,279,,279,,240,,143,,109,,158,,153,,140,,592,,173,,149,,136,,151,,182,,160,,170,,142,,172,,178,,145,,185,,203,,195,,163,,184,,191,,250,,172,
  Corporate,,—,,0,,0,,0,,0,,—,,—,,0,,0,,0,,0,,0,,0,,0,,0,,0,,0,,0,,0,,0,,0,,0,,0,,0,,0,,0,,0,,0,,0,,0,,0,,0,,0,,0,,0,,0,,0,,0,,0,,0,
  Optum Health,,351,0.0337467551197,382,0.0345701357466063,402,0.0357333333333333,442,0.0385285913528591,460,0.0385776585038578,573,0.0329651363479462,575,0.0325428716961911,578,0.0325743913435527,546,0.0305985205110962,604,0.0321670128348511,619,0.0330892179398086,614,0.0334113293791152,611,0.0331596656897862,666,0.0332584269662921,662,0.033047124600639,656,0.0327786938489982,637,0.0313099041533546,641,0.0293417559278586,648,0.0301367314668403,710,0.0329389932730225,—,,—,,—,,—,,—,,—,,—,,—,,—,,—,,—,,—,,—,,—,,—,,—,,—,,—,,—,,—,
  Uniprise,,675,0.0648976059994231,1034,0.0935746606334841,1030,0.0915555555555556,1028,0.0896094839609484,769,0.0644917812814492,1044,0.0600621332412841,1057,0.0598222876223895,1064,0.0599639314697926,1050,0.0588433086751849,—,,—,,—,,—,,—,,—,,—,,—,,—,,—,,—,,—,,—,,—,,—,,—,,—,,—,,—,,—,,—,,—,,—,,—,,—,,—,,—,,—,,—,,—,,—,
  Prescription Solutions,,—,,—,,—,,—,,—,,—,,—,,—,,—,,185,0.00985247909676732,199,0.010637729192281,217,0.0118082385590684,216,0.0117225659394334,359,0.0179275905118602,394,0.0196685303514377,418,0.0208864238245141,434,0.0213320226099779,438,0.020049436967866,451,0.0209747930425077,479,0.0222222222222222,—,,—,,—,,—,,—,,—,,—,,—,,—,,—,,—,,—,,—,,—,,—,,—,,—,,—,,—,,—,
  Reconciliation,,—,,—,,—,,—,,—,,199,,—,,—,,—,,—,,—,,—,,—,,—,,—,,—,,—,,—,,—,,—,,—,,—,,—,,—,,—,,—,,—,,—,,—,,—,,—,,—,,—,,—,,—,,—,,—,,—,,—,,—,
  Ingenix,,150,0.014421690222094,107,0.00968325791855204,118,0.0104888888888889,151,0.0131624825662483,175,0.0146762831264676,144,0.0082844321712116,148,0.00837625219310657,173,0.0097497745716862,229,0.012833445415826,179,0.00953293923416946,189,0.0101031699363874,219,0.011917070250857,280,0.0151959188103766,234,0.011685393258427,244,0.0121805111821086,252,0.012591815320042,290,0.0142541164905382,234,0.010711343037627,256,0.0119058692214678,300,0.0139178844815588,—,,—,,—,,—,,—,,—,,—,,—,,—,,—,,—,,—,,—,,—,,—,,—,,—,,—,,—,,—,
  Health Benefits,,9225,0.886933948658783,9527,0.862171945701357,9700,0.862222222222222,9851,0.858699442119944,10520,0.882254277088225,15621,0.898688298239558,15889,0.899258588488313,15929,0.897711902614968,16019,0.897724725397893,17809,0.948447568834212,17700,0.946169882931523,17327,0.942863361810959,17319,0.939921849560404,18766,0.937128589263421,18732,0.935103833865815,18687,0.933743067006446,18984,0.933103956746129,20533,0.939897464066648,20147,0.936982606269184,20066,0.930920900023196,—,,—,,—,,—,,—,,—,,—,,—,,—,,—,,—,,—,,—,,—,,—,,—,,—,,—,,—,,—,
Intersegment Revenue,,459,1.0,495,1.0,516,1.0,769,1.0,559,1.0,737,1.0,752,1.0,769,1.0,833,1.0,3840,1.0,3793,1.0,3756,1.0,3853,1.0,3585,1.0,3548,1.0,3407,1.0,3481,1.0,3924,1.0,3960,1.0,3966,1.0,4156,1.0,4463,1.0,4564,1.0,4521,1.0,4658,1.0,5252,1.0,5435,1.0,5585,1.0,5855,1.0,5582,1.0,5552,1.0,5436,1.0,6907,1.0,6701,1.0,7136,1.0,7751,1.0,8223,1.0,8831,1.0,9326,1.0,9390,1.0
  Optum,,—,,—,,—,,—,,—,,—,,—,,—,,—,,—,,—,,—,,—,,—,,—,,—,,—,,—,,—,,—,,4156,1.0,4463,1.0,4564,1.0,4521,1.0,4658,1.0,5252,1.0,5435,1.0,5585,1.0,5855,1.0,5582,1.0,5552,1.0,5436,1.0,6907,1.0,6701,1.0,7136,1.0,7751,1.0,8223,1.0,8831,1.0,9326,1.0,9390,1.0
    Optum Rx,,—,,—,,—,,—,,—,,—,,—,,—,,—,,—,,—,,—,,—,,—,,—,,—,,—,,—,,—,,—,,3264,0.785370548604427,3556,0.796773470759579,3625,0.794259421560035,3584,0.79274496792745,3684,0.79089738085015,3986,0.758948971820259,4082,0.751057957681693,4217,0.755058191584602,4423,0.755422715627669,4036,0.723038337513436,3924,0.706772334293948,3765,0.692604856512141,3886,0.56261763428406,4448,0.663781525145501,4895,0.685958520179372,5474,0.706231454005935,6022,0.732336130366047,6464,0.731966934661986,6955,0.745764529273,6936,0.738658146964856
    OptumHealth,,—,,—,,—,,—,,—,,—,,—,,—,,—,,—,,—,,—,,—,,—,,—,,—,,—,,—,,—,,—,,698,0.167949951876805,712,0.159533945776384,729,0.159728308501315,726,0.160583941605839,745,0.159939888364105,1047,0.199352627570449,1127,0.207359705611776,1131,0.202506714413608,1156,0.197438087105038,1282,0.229666786098173,1377,0.248018731988473,1405,0.258462104488595,1439,0.208339365860721,1607,0.239814952992091,1581,0.22155269058296,1607,0.20732808669849,1562,0.189955004256354,1671,0.189219793907825,1674,0.179498177139181,1749,0.186261980830671
    Optum Insight,,—,,—,,—,,—,,—,,—,,—,,—,,—,,—,,—,,—,,—,,—,,—,,—,,—,,—,,—,,—,,194,0.046679499518768,195,0.0436925834640376,210,0.0460122699386503,211,0.0466710904667109,229,0.049162730785745,219,0.0416984006092917,226,0.0415823367065317,237,0.0424350940017905,276,0.0471391972672929,264,0.0472948763883913,251,0.0452089337175793,266,0.0489330389992642,1582,0.229042999855219,646,0.0964035218624086,660,0.0924887892376682,670,0.0864404592955748,639,0.0777088653775994,696,0.0788132714301891,697,0.074737293587819,705,0.0750798722044728
  UnitedHealthcare,,—,,—,,—,,—,,—,,—,,—,,—,,—,,—,,—,,—,,—,,—,,—,,—,,—,,—,,—,,—,,0,,0,,0,,0,,0,,0,,0,,0,,0,,0,,0,,0,,0,,0,,0,,0,,0,,0,,0,,0,
  Optum Health,,233,0.507625272331155,260,0.525252525252525,270,0.523255813953488,408,0.530559167750325,287,0.513416815742397,397,0.538670284938942,405,0.538563829787234,408,0.530559167750325,459,0.551020408163265,566,0.147395833333333,596,0.157131558133404,602,0.160276890308839,621,0.161173111860888,613,0.170990237099024,635,0.178974069898534,624,0.183152333431171,657,0.188738868141339,674,0.171763506625892,691,0.17449494949495,690,0.173978819969743,—,,—,,—,,—,,—,,—,,—,,—,,—,,—,,—,,—,,—,,—,,—,,—,,—,,—,,—,,—,
  Uniprise,,162,0.352941176470588,176,0.355555555555556,186,0.36046511627907,287,0.373211963589077,199,0.355992844364937,276,0.37449118046133,279,0.371010638297872,287,0.373211963589077,290,0.348139255702281,—,,—,,—,,—,,—,,—,,—,,—,,—,,—,,—,,—,,—,,—,,—,,—,,—,,—,,—,,—,,—,,—,,—,,—,,—,,—,,—,,—,,—,,—,,—,
  Prescription Solutions,,—,,—,,—,,—,,—,,—,,—,,—,,—,,3191,0.830989583333333,3102,0.817822304244661,3029,0.806443024494143,3098,0.804048793148196,2844,0.793305439330544,2776,0.782412626832018,2652,0.778397417082477,2688,0.772191898879632,3099,0.789755351681957,3104,0.783838383838384,3095,0.780383257690368,—,,—,,—,,—,,—,,—,,—,,—,,—,,—,,—,,—,,—,,—,,—,,—,,—,,—,,—,,—,
  Ingenix,,64,0.139433551198257,59,0.119191919191919,60,0.116279069767442,74,0.0962288686605982,73,0.130590339892665,64,0.0868385345997286,68,0.0904255319148936,74,0.0962288686605982,84,0.100840336134454,83,0.0216145833333333,95,0.0250461376219351,125,0.0332800851970181,134,0.0347780949909162,128,0.0357043235704324,137,0.0386133032694476,131,0.0384502494863516,136,0.039069232979029,151,0.0384811416921509,165,0.0416666666666667,181,0.0456379223398891,—,,—,,—,,—,,—,,—,,—,,—,,—,,—,,—,,—,,—,,—,,—,,—,,—,,—,,—,,—,
  Health Benefits,,0,,0,,0,,0,,0,,0,,0,,0,,0,,0,,0,,0,,0,,0,,0,,0,,0,,0,,0,,0,,—,,—,,—,,—,,—,,—,,—,,—,,—,,—,,—,,—,,—,,—,,—,,—,,—,,—,,—,,—,
Revenue Including Intersegment Revenue,,10970,1.0,11659,1.0,11895,1.0,12147,1.0,12604,1.0,18318,1.0,18615,1.0,18739,1.0,18956,1.0,22887,1.0,22793,1.0,22435,1.0,22558,1.0,23889,1.0,23820,1.0,23563,1.0,23935,1.0,25928,1.0,25615,1.0,25661,1.0,88473,1.0,27656,1.0,27828,1.0,28189,1.0,28688,1.0,30684,1.0,30669,1.0,30865,1.0,31771,1.0,32864,1.0,32817,1.0,32738,1.0,35676,1.0,36933,1.0,37544,1.0,38375,1.0,39340,1.0,40424,1.0,41900,1.0,42149,1.0
  UnitedHealthcare,,—,,—,,—,,—,,—,,—,,—,,—,,—,,—,,—,,—,,—,,—,,—,,—,,—,,—,,—,,—,,82730,0.935087540831666,21967,0.794294185710153,21955,0.788953571941929,22283,0.790485650431019,22525,0.785171500278862,23874,0.778060226828314,23653,0.771234797352375,23643,0.766013283654625,24166,0.760630763904189,25533,0.776929162609542,25516,0.777523844348966,25512,0.779277903353901,26771,0.750392420674964,28250,0.764898600167872,28305,0.753915405923716,28384,0.739648208469055,28786,0.731723436705643,29254,0.723679002572729,30071,0.717684964200477,30039,0.712685947472063
  Optum,,—,,—,,—,,—,,—,,—,,—,,—,,—,,—,,—,,—,,—,,—,,—,,—,,—,,—,,—,,—,,5743,0.0649124591683338,5689,0.205705814289847,5873,0.211046428058071,5906,0.209514349568981,6163,0.214828499721138,6810,0.221939773171686,7016,0.228765202647625,7222,0.233986716345375,7605,0.239369236095811,7331,0.223070837390458,7301,0.222476155651035,7226,0.220722096646099,8905,0.249607579325036,8683,0.235101399832128,9239,0.246084594076284,9991,0.260351791530945,10554,0.268276563294357,11170,0.276320997427271,11829,0.282315035799523,12110,0.287314052527937
    Optum Rx,,—,,—,,—,,—,,—,,—,,—,,—,,—,,—,,—,,—,,—,,—,,—,,—,,—,,—,,—,,—,,3782,0.0427475048884971,4082,0.147599074341915,4202,0.150998993819175,4168,0.147859093972826,4272,0.148912437255996,4632,0.150958154086821,4688,0.152857934722358,4874,0.15791349424915,5084,0.160020144156621,4721,0.143652629016553,4605,0.140323612761678,4454,0.136049850326837,4579,0.128349590761296,5196,0.140687190317602,5647,0.150410185382485,6295,0.164039087947883,6868,0.174580579562786,7458,0.184494359786266,8000,0.190930787589499,8011,0.190063821205723
    OptumHealth,,—,,—,,—,,—,,—,,—,,—,,—,,—,,—,,—,,—,,—,,—,,—,,—,,—,,—,,—,,—,,1425,0.0161066087959038,1102,0.0398466878796645,1142,0.041037803650999,1146,0.0406541558764057,1175,0.0409578918014501,1507,0.0491135445183157,1670,0.0544523786233656,1723,0.0558237485825368,1804,0.05678134147493,1939,0.0590007302823759,2025,0.0617058232013895,2054,0.0627405461543161,2129,0.059675972642673,2442,0.0661197303224758,2411,0.0642179842318346,2494,0.0649902280130293,2508,0.0637519064565328,2580,0.0638234712052246,2586,0.0617183770883055,2849,0.0675935372132198
    Optum Insight,,—,,—,,—,,—,,—,,—,,—,,—,,—,,—,,—,,—,,—,,—,,—,,—,,—,,—,,—,,—,,536,0.00605834548393295,505,0.0182600520682673,529,0.0190096305878971,592,0.0210010997197488,716,0.0249581706636921,671,0.0218680745665493,658,0.0214548893019009,625,0.0202494735136886,717,0.0225677504642599,671,0.0204174780915287,671,0.0204467196879666,718,0.0219317001649459,2197,0.0615820159210674,1153,0.0312186933095064,1181,0.0314564244619646,1202,0.0313224755700326,1178,0.0299440772750381,1247,0.0308480110825252,1243,0.0296658711217184,1250,0.0296566941089943
  Optum Health,,588,0.0536007292616226,647,0.0554936100866284,678,0.0569987389659521,728,0.0599324936198238,753,0.0597429387496033,981,0.0535538814281035,991,0.0532366371206017,998,0.0532579113079673,1020,0.0538088204262503,1190,0.0519945820771617,1237,0.0542710481288115,1239,0.0552262090483619,1255,0.0556343647486479,1304,0.0545857926242203,1321,0.0554575986565911,1294,0.0549166065441582,1306,0.0545644453728849,1332,0.0513730330145017,1356,0.0529377317977747,1415,0.0551420443474533,—,,—,,—,,—,,—,,—,,—,,—,,—,,—,,—,,—,,—,,—,,—,,—,,—,,—,,—,,—,
  Uniprise,,845,0.077028258887876,1218,0.104468650827687,1225,0.102984447246742,1231,0.101341895118136,978,0.0775944144715963,1334,0.0728245441642101,1349,0.0724684394305667,1370,0.0731095576071295,1362,0.0718506013926989,—,,—,,—,,—,,—,,—,,—,,—,,—,,—,,—,,—,,—,,—,,—,,—,,—,,—,,—,,—,,—,,—,,—,,—,,—,,—,,—,,—,,—,,—,,—,
  Prescription Solutions,,—,,—,,—,,—,,—,,—,,—,,—,,—,,3379,0.14763839734347,3304,0.144956784977844,3249,0.144818364163138,3317,0.147043177586665,3206,0.134204026958014,3173,0.13320738874895,3071,0.130331451852481,3123,0.130478378942971,3539,0.136493366244986,3556,0.13882490728089,3575,0.139316472467947,—,,—,,—,,—,,—,,—,,—,,—,,—,,—,,—,,—,,—,,—,,—,,—,,—,,—,,—,,—,
  Ingenix,,214,0.0195077484047402,166,0.0142379277811133,178,0.0149642707019756,216,0.017782168436651,248,0.0196762932402412,208,0.0113549514139098,216,0.0116035455278002,247,0.013181066225519,313,0.0165119223464866,262,0.0114475466421986,284,0.0124599657789672,344,0.0153331847559617,414,0.0183526908413866,362,0.0151534178910796,381,0.0159949622166247,383,0.0162542969910453,426,0.0177982034677251,385,0.0148488120950324,421,0.0164356822174507,481,0.0187443981138693,—,,—,,—,,—,,—,,—,,—,,—,,—,,—,,—,,—,,—,,—,,—,,—,,—,,—,,—,,—,
  Health Benefits,,9323,0.849863263445761,9628,0.825799811304572,9814,0.82505254308533,9972,0.820943442825389,10625,0.842986353538559,15795,0.862266622993777,16059,0.862691377921032,16124,0.860451464859384,16261,0.857828655834564,18056,0.78891947393717,17968,0.788312201114377,17603,0.784622242032538,17572,0.7789697668233,19017,0.796056762526686,18945,0.795340050377834,18815,0.798497644612316,19080,0.79715897221642,20672,0.79728478864548,20282,0.791801678703884,20190,0.78679708507073,—,,—,,—,,—,,—,,—,,—,,—,,—,,—,,—,,—,,—,,—,,—,,—,,—,,—,,—,,—,
Operating Income,,1466,1.0,1200,1.0,1262,1.0,1323,1.0,1429,1.0,1473,1.0,1667,1.0,1863,1.0,2004,1.0,1582,1.0,2074,1.0,2155,1.0,2038,1.0,1713,1.0,673,1.0,1598,1.0,1279,1.0,1668,1.0,1440,1.0,1676,1.0,1575,1.0,2016,1.0,1901,1.0,2145,1.0,1802,1.0,2221,1.0,2099,1.0,2070,1.0,2074,1.0,2317,1.0,2226,1.0,2610,1.0,2101,1.0,2139,1.0,2401,1.0,2631,1.0,2452,1.0,2054,1.0,2552,1.0,2903,1.0
  UnitedHealthcare,,—,,—,,—,,—,,—,,—,,—,,—,,—,,—,,—,,—,,—,,—,,—,,—,,—,,—,,—,,—,,49,0.0311111111111111,1691,0.838789682539683,1565,0.823250920568122,1835,0.855477855477855,1649,0.915094339622642,1899,0.855020261143629,1759,0.83801810385898,1750,0.845410628019324,1795,0.865477338476374,2065,0.891238670694864,1906,0.856244384546271,2202,0.84367816091954,1514,0.720609233698239,1598,0.747078073866293,1809,0.753436068304873,1950,0.741163055872292,1620,0.66068515497553,1404,0.683544303797468,1824,0.714733542319749,2038,0.702032380296245
  Optum,,—,,—,,—,,—,,—,,—,,—,,—,,—,,—,,—,,—,,—,,—,,—,,—,,—,,—,,—,,—,,1526,0.968888888888889,325,0.161210317460317,336,0.176749079431878,310,0.144522144522145,153,0.0849056603773585,322,0.144979738856371,340,0.16198189614102,320,0.154589371980676,279,0.134522661523626,252,0.108761329305136,320,0.143755615453729,408,0.15632183908046,587,0.279390766301761,541,0.252921926133707,592,0.246563931695127,681,0.258836944127708,832,0.33931484502447,650,0.316455696202532,728,0.285266457680251,865,0.297967619703755
    Optum Rx,,—,,—,,—,,—,,—,,—,,—,,—,,—,,—,,—,,—,,—,,—,,—,,—,,—,,—,,—,,—,,681,0.432380952380952,129,0.0639880952380952,134,0.070489216201999,137,0.0638694638694639,129,0.0715871254162042,130,0.0585321927059883,118,0.0562172463077656,114,0.0550724637681159,95,0.0458052073288332,71,0.0306430729391454,102,0.045822102425876,114,0.0436781609195402,86,0.0409328891004284,113,0.0528284244974287,146,0.060807996668055,198,0.0752565564424173,233,0.0950244698205547,242,0.117818889970789,291,0.114028213166144,326,0.112297623148467
    OptumHealth,,—,,—,,—,,—,,—,,—,,—,,—,,—,,—,,—,,—,,—,,—,,—,,—,,—,,—,,—,,—,,599,0.38031746031746,143,0.0709325396825397,142,0.0746975276170437,103,0.048018648018648,123,0.0682574916759156,109,0.0490769923457902,135,0.0643163411148166,115,0.0555555555555556,64,0.0308582449373192,92,0.0397065170479068,123,0.055256064690027,168,0.064367816091954,155,0.0737743931461209,220,0.102851799906498,216,0.0899625156184923,271,0.103002660585329,218,0.0889070146818923,211,0.102726387536514,224,0.0877742946708464,314,0.108163968308646
    Optum Insight,,—,,—,,—,,—,,—,,—,,—,,—,,—,,—,,—,,—,,—,,—,,—,,—,,—,,—,,—,,—,,246,0.156190476190476,53,0.0262896825396825,60,0.0315623356128353,70,0.0326340326340326,-99,-0.0549389567147614,83,0.0373705538045925,87,0.0414483087184374,91,0.0439613526570048,120,0.0578592092574735,89,0.0384117393180837,95,0.0426774483378257,126,0.0482758620689655,346,0.164683484055212,208,0.0972417017297803,230,0.0957934194085798,212,0.080577727099962,381,0.155383360522023,197,0.0959104186952288,213,0.0834639498432602,225,0.0775060282466414
  Corporate,,—,,—,,0,,0,,0,,—,,0,,0,,0,,-176,,0,,0,,0,,0,,-783,,-10,,-322,,0,,0,,0,,0,,0,,0,,0,,0,,0,,0,,0,,0,,0,,0,,0,,0,,0,,0,,0,,0,,0,,0,,0,
  Adjustment,,278,,—,,—,,—,,—,,—,,—,,—,,—,,—,,—,,—,,—,,—,,—,,—,,—,,—,,—,,—,,—,,—,,—,,—,,—,,—,,—,,—,,—,,—,,—,,—,,—,,—,,—,,—,,—,,—,,—,,—,
  Optum Health,,129,0.108585858585859,124,0.103333333333333,131,0.103803486529319,140,0.105820105820106,162,0.113365990202939,177,0.120162932790224,189,0.113377324535093,198,0.106280193236715,205,0.102295409181637,213,0.121160409556314,219,0.105593056894889,224,0.103944315545244,239,0.117271835132483,197,0.115002918855809,169,0.116071428571429,175,0.108830845771144,177,0.110555902560899,158,0.0947242206235012,142,0.0986111111111111,172,0.102625298329356,—,,—,,—,,—,,—,,—,,—,,—,,—,,—,,—,,—,,—,,—,,—,,—,,—,,—,,—,,—,
  Uniprise,,169,0.142255892255892,177,0.1475,187,0.148177496038035,192,0.145124716553288,75,0.0524842547235829,209,0.141887304820095,221,0.132573485302939,235,0.12614063338701,232,0.115768463073852,—,,—,,—,,—,,—,,—,,—,,—,,—,,—,,—,,—,,—,,—,,—,,—,,—,,—,,—,,—,,—,,—,,—,,—,,—,,—,,—,,—,,—,,—,,—,
  Prescription Solutions,,—,,—,,—,,—,,—,,—,,—,,—,,—,,49,0.027872582480091,65,0.0313404050144648,77,0.0357308584686775,78,0.0382728164867517,98,0.057209573847052,94,0.0645604395604396,91,0.056592039800995,80,0.0499687695190506,140,0.0839328537170264,166,0.115277777777778,196,0.116945107398568,—,,—,,—,,—,,—,,—,,—,,—,,—,,—,,—,,—,,—,,—,,—,,—,,—,,—,,—,,—,
  Ingenix,,56,0.0471380471380471,18,0.015,20,0.0158478605388273,45,0.0340136054421769,207,0.144856543037089,30,0.0203665987780041,30,0.017996400719856,52,0.0279119699409554,77,0.0384231536926148,38,0.0216154721274175,42,0.0202507232401157,66,0.0306264501160093,120,0.0588812561334642,47,0.0274372446001168,49,0.0336538461538462,57,0.0354477611940298,76,0.0474703310430981,49,0.0293764988009592,59,0.0409722222222222,64,0.0381861575178998,—,,—,,—,,—,,—,,—,,—,,—,,—,,—,,—,,—,,—,,—,,—,,—,,—,,—,,—,,—,
  Health Benefits,,834,0.702020202020202,881,0.734166666666667,924,0.732171156893819,946,0.715041572184429,985,0.689293212036389,1057,0.717583163611677,1227,0.736052789442112,1378,0.739667203435319,1490,0.743512974051896,1458,0.829351535836177,1748,0.84281581485053,1788,0.829698375870069,1601,0.785574092247301,1371,0.800350262697023,1144,0.785714285714286,1285,0.799129353233831,1268,0.792004996876952,1321,0.791966426858513,1073,0.745138888888889,1244,0.742243436754177,—,,—,,—,,—,,—,,—,,—,,—,,—,,—,,—,,—,,—,,—,,—,,—,,—,,—,,—,,—,
Operating Margin,,—,,—,,—,,—,,—,,—,,—,,—,,—,,—,,—,,—,,—,,—,,—,,—,,—,,—,,—,,—,,—,,—,,—,,—,,—,,—,,—,,—,,—,,—,,—,,—,,—,,—,,—,,—,,—,,—,,—,,—,
  Optum,,—,,—,,—,,—,,—,,—,,—,,—,,—,,—,,—,,—,,—,,—,,—,,—,,—,,—,,—,,—,,—,,5.7,,—,,—,,2.5,,4.7,,4.8,,4.4,,3.7,,3.4,,4.4,,5.6,,6.1,,6.2,,6.5,,6.9,,6.4,,5.8,,6.2,,7.2,
    Optum Insight,,—,,—,,—,,—,,—,,—,,—,,—,,—,,—,,—,,—,,—,,—,,—,,—,,—,,—,,—,,—,,—,,10.5,,—,,—,,-13.8,,12.4,,13.2,,14.6,,16.7,,13.3,,14.2,,17.5,,21.3,,18,,19.5,,17.6,,—,,15.8,,17.1,,18,
    OptumHealth,,—,,—,,—,,—,,—,,—,,—,,—,,—,,—,,—,,—,,—,,—,,—,,—,,—,,—,,—,,—,,—,,13,,—,,—,,10.5,,7.2,,8.1,,6.7,,3.5,,4.7,,6.1,,8.2,,8.4,,9,,9,,10.9,,—,,8.2,,8.7,,11,
    Optum Rx,,—,,—,,—,,—,,—,,—,,—,,—,,—,,—,,—,,—,,—,,—,,—,,—,,—,,—,,—,,—,,—,,3.2,,—,,—,,3,,2.8,,2.5,,2.3,,1.9,,1.5,,2.2,,2.6,,2.3,,2.2,,2.6,,3.1,,—,,3.2,,3.6,,4.1,
  UnitedHealthcare,,—,,—,,—,,—,,—,,—,,—,,—,,—,,—,,—,,—,,—,,—,,—,,—,,—,,—,,—,,—,,—,,7.7,,—,,—,,7.3,,8,,7.4,,7.4,,7.4,,8.1,,7.5,,8.6,,6.1,,5.7,,6.4,,6.9,,6.2,,4.8,,6.1,,6.8,
  Optum Health,,—,,—,,—,,—,,—,,—,,—,,—,,—,,—,,—,,—,,—,,—,,—,,—,,—,,11.9,,10.5,,12.2,,—,,—,,11.1,,9.7,,—,,—,,—,,—,,—,,—,,—,,—,,—,,—,,—,,—,,—,,—,,—,,—,
  Prescription Solutions,,—,,—,,—,,—,,—,,—,,—,,—,,—,,—,,—,,—,,—,,—,,—,,—,,—,,4,,4.7,,5.5,,—,,—,,3.2,,3.3,,—,,—,,—,,—,,—,,—,,—,,—,,—,,—,,—,,—,,—,,—,,—,,—,
  Ingenix,,—,,—,,—,,—,,—,,—,,—,,—,,—,,—,,—,,—,,—,,—,,—,,—,,—,,12.7,,14,,13.3,,—,,—,,11.3,,11.8,,—,,—,,—,,—,,—,,—,,—,,—,,—,,—,,—,,—,,—,,—,,—,,—,
  Health Benefits,,—,,—,,—,,—,,—,,—,,—,,—,,—,,—,,—,,—,,—,,—,,—,,—,,—,,6.4,,5.3,,6.2,,—,,—,,7.1,,8.2,,—,,—,,—,,—,,—,,—,,—,,—,,—,,—,,—,,—,,—,,—,,—,,—,
Operating Income Growth %,,—,,—,,—,,—,,—,,—,,—,,—,,—,,—,,—,,—,,—,,—,,—,,—,,—,,—,,—,,—,,—,,—,,—,,—,,—,,—,,—,,—,,—,,—,,—,,—,,—,,—,,—,,—,,—,,—,,—,,—,
  Optum,,—,,—,,—,,—,,—,,—,,—,,—,,—,,—,,—,,—,,—,,—,,—,,—,,—,,—,,—,,—,,—,,—,,—,,—,,—,,-1,,1,,3,,—,,4,,-6,,28,,—,,96,,68,,54,,—,,20,,23,,27,
    Optum Rx,,—,,—,,—,,—,,—,,—,,—,,—,,—,,—,,—,,—,,—,,—,,—,,—,,—,,—,,—,,—,,—,,—,,—,,—,,—,,1,,-12,,-17,,—,,-45,,-14,,0,,—,,69,,51,,79,,—,,114,,99,,65,
    OptumHealth,,—,,—,,—,,—,,—,,—,,—,,—,,—,,—,,—,,—,,—,,—,,—,,—,,—,,—,,—,,—,,—,,—,,—,,—,,—,,-24,,-5,,12,,—,,-16,,-9,,46,,—,,146,,83,,67,,—,,-4,,4,,16,
    Optum Insight,,—,,—,,—,,—,,—,,—,,—,,—,,—,,—,,—,,—,,—,,—,,—,,—,,—,,—,,—,,—,,—,,—,,—,,—,,—,,57,,45,,30,,—,,7,,9,,38,,—,,67,,65,,14,,—,,-5,,-7,,6,
  UnitedHealthcare,,—,,—,,—,,—,,—,,—,,—,,—,,—,,—,,—,,—,,—,,—,,—,,—,,—,,—,,—,,—,,—,,—,,—,,—,,—,,12,,12,,-5,,—,,9,,8,,26,,—,,-20,,-2,,-9,,—,,-12,,1,,5,
  Optum Health,,—,,18,,17,,19,,—,,47,,44,,41,,—,,16,,13,,12,,—,,-8,,-23,,-22,,—,,-20,,-16,,-2,,—,,-4,,0.6,,-17,,—,,—,,—,,—,,—,,—,,—,,—,,—,,—,,—,,—,,—,,—,,—,,—,
  Uniprise,,—,,26,,16,,20,,—,,21,,18,,22,,—,,3,,-9,,-8,,—,,—,,—,,—,,—,,—,,—,,—,,—,,—,,—,,—,,—,,—,,—,,—,,—,,—,,—,,—,,—,,—,,—,,—,,—,,—,,—,,—,
  Prescription Solutions,,—,,—,,—,,—,,—,,—,,—,,—,,—,,—,,—,,-8,,—,,100,,45,,18,,—,,43,,77,,115,,—,,-7,,-1.5,,-29,,—,,—,,—,,—,,—,,—,,—,,—,,—,,—,,—,,—,,—,,—,,—,,—,
  Ingenix,,—,,13,,45,,44,,—,,89,,50,,16,,—,,27,,47,,35,,—,,24,,17,,-14,,—,,4,,20,,12,,—,,8,,-2.7,,9,,—,,—,,—,,—,,—,,—,,—,,—,,—,,—,,—,,—,,—,,—,,—,,—,
  Health Benefits,,—,,58,,48,,28,,—,,20,,33,,46,,—,,23,,32,,19,,—,,-6,,-35,,-28,,—,,-4,,-6,,-3,,—,,27,,1.8,,44,,—,,—,,—,,—,,—,,—,,—,,—,,—,,—,,—,,—,,—,,—,,—,,—,
Pretax Income,,—,,—,,—,,—,,—,,—,,—,,—,,—,,—,,—,,—,,—,,—,,—,,—,,—,,1537,1.0,1301,1.0,1539,1.0,6215,1.0,1891,1.0,1782,1.0,2026,1.0,1684,1.0,2103,1.0,1980,1.0,1941,1.0,1935,1.0,2169,1.0,2073,1.0,2452,1.0,1928,1.0,1961,1.0,2225,1.0,2453,1.0,2276,1.0,1894,1.0,2397,1.0,2751,1.0
  UnitedHealthcare,,—,,—,,—,,—,,—,,—,,—,,—,,—,,—,,—,,—,,—,,—,,—,,—,,—,,—,,—,,—,,4833,0.760025161188866,1691,0.838789682539683,1565,0.823250920568122,1835,0.855477855477855,1649,0.915094339622642,1899,0.855020261143629,1759,0.83801810385898,1750,0.845410628019324,1795,0.865477338476374,2065,0.891238670694864,1906,0.856244384546271,2202,0.84367816091954,1514,0.720609233698239,1598,0.747078073866293,1809,0.753436068304873,1950,0.741163055872292,1620,0.66068515497553,1404,0.683544303797468,1824,0.714733542319749,2038,0.702032380296245
  Optum,,—,,—,,—,,—,,—,,—,,—,,—,,—,,—,,—,,—,,—,,—,,—,,—,,—,,—,,—,,—,,1526,0.239974838811134,325,0.161210317460317,336,0.176749079431878,310,0.144522144522145,153,0.0849056603773585,322,0.144979738856371,340,0.16198189614102,320,0.154589371980676,279,0.134522661523626,252,0.108761329305136,320,0.143755615453729,408,0.15632183908046,587,0.279390766301761,541,0.252921926133707,592,0.246563931695127,681,0.258836944127708,832,0.33931484502447,650,0.316455696202532,728,0.285266457680251,865,0.297967619703755
    Optum Rx,,—,,—,,—,,—,,—,,—,,—,,—,,—,,—,,—,,—,,—,,—,,—,,—,,—,,—,,—,,—,,681,0.107092310111653,129,0.0639880952380952,134,0.070489216201999,137,0.0638694638694639,129,0.0715871254162042,130,0.0585321927059883,118,0.0562172463077656,114,0.0550724637681159,95,0.0458052073288332,71,0.0306430729391454,102,0.045822102425876,114,0.0436781609195402,86,0.0409328891004284,113,0.0528284244974287,146,0.060807996668055,198,0.0752565564424173,233,0.0950244698205547,242,0.117818889970789,291,0.114028213166144,326,0.112297623148467
    OptumHealth,,—,,—,,—,,—,,—,,—,,—,,—,,—,,—,,—,,—,,—,,—,,—,,—,,—,,—,,—,,—,,599,0.0941972008177386,143,0.0709325396825397,142,0.0746975276170437,103,0.048018648018648,123,0.0682574916759156,109,0.0490769923457902,135,0.0643163411148166,115,0.0555555555555556,64,0.0308582449373192,92,0.0397065170479068,123,0.055256064690027,168,0.064367816091954,155,0.0737743931461209,220,0.102851799906498,216,0.0899625156184923,271,0.103002660585329,218,0.0889070146818923,211,0.102726387536514,224,0.0877742946708464,314,0.108163968308646
    Optum Insight,,—,,—,,—,,—,,—,,—,,—,,—,,—,,—,,—,,—,,—,,—,,—,,—,,—,,—,,—,,—,,246,0.0386853278817424,53,0.0262896825396825,60,0.0315623356128353,70,0.0326340326340326,-99,-0.0549389567147614,83,0.0373705538045925,87,0.0414483087184374,91,0.0439613526570048,120,0.0578592092574735,89,0.0384117393180837,95,0.0426774483378257,126,0.0482758620689655,346,0.164683484055212,208,0.0972417017297803,230,0.0957934194085798,212,0.080577727099962,381,0.155383360522023,197,0.0959104186952288,213,0.0834639498432602,225,0.0775060282466414
  Corporate,,—,,—,,—,,—,,—,,—,,—,,—,,—,,—,,—,,—,,—,,—,,—,,—,,—,,-131,,-139,,-137,,-144,,-125,,-119,,-119,,-118,,-118,,-119,,-129,,-139,,-148,,-153,,-158,,-173,,-178,,-176,,-178,,-176,,-160,,-155,,-152,
  Optum Health,,—,,—,,—,,—,,—,,—,,—,,—,,—,,—,,—,,—,,—,,—,,—,,—,,—,,158,0.0947242206235012,142,0.0986111111111111,172,0.102625298329356,—,,—,,—,,—,,—,,—,,—,,—,,—,,—,,—,,—,,—,,—,,—,,—,,—,,—,,—,,—,
  Prescription Solutions,,—,,—,,—,,—,,—,,—,,—,,—,,—,,—,,—,,—,,—,,—,,—,,—,,—,,140,0.0839328537170264,166,0.115277777777778,196,0.116945107398568,—,,—,,—,,—,,—,,—,,—,,—,,—,,—,,—,,—,,—,,—,,—,,—,,—,,—,,—,,—,
  Ingenix,,—,,—,,—,,—,,—,,—,,—,,—,,—,,—,,—,,—,,—,,—,,—,,—,,—,,49,0.0293764988009592,59,0.0409722222222222,64,0.0381861575178998,—,,—,,—,,—,,—,,—,,—,,—,,—,,—,,—,,—,,—,,—,,—,,—,,—,,—,,—,,—,
  Health Benefits,,—,,—,,—,,—,,—,,—,,—,,—,,—,,—,,—,,—,,—,,—,,—,,—,,—,,1321,0.791966426858513,1073,0.745138888888889,1244,0.742243436754177,—,,—,,—,,—,,—,,—,,—,,—,,—,,—,,—,,—,,—,,—,,—,,—,,—,,—,,—,,—,
Revenue Growth %,,—,,—,,—,,—,,—,,—,,—,,—,,—,,—,,—,,—,,—,,—,,—,,—,,—,,—,,—,,—,,—,,—,,—,,—,,—,,—,,—,,—,,—,,—,,—,,—,,—,,—,,—,,—,,—,,—,,—,,—,
  Optum,,—,,—,,—,,—,,—,,—,,—,,—,,—,,—,,—,,—,,—,,—,,—,,—,,—,,—,,—,,—,,—,,—,,—,,—,,—,,20,,19,,20,,—,,8,,4,,0,,—,,15,,21,,33,,—,,29,,28,,21,
    Optum Rx,,—,,—,,—,,—,,—,,—,,—,,—,,—,,—,,—,,—,,—,,—,,—,,—,,—,,—,,—,,—,,—,,—,,—,,—,,—,,13,,12,,14,,—,,2,,-2,,-9,,—,,10,,23,,41,,—,,44,,42,,27,
    OptumHealth,,—,,—,,—,,—,,—,,—,,—,,—,,—,,—,,—,,—,,—,,—,,—,,—,,—,,—,,—,,—,,—,,—,,—,,—,,—,,37,,46,,45,,—,,29,,21,,19,,—,,26,,19,,21,,—,,6,,7,,14,
    Optum Insight,,—,,—,,—,,—,,—,,—,,—,,—,,—,,—,,—,,—,,—,,—,,—,,—,,—,,—,,—,,—,,—,,—,,—,,—,,—,,33,,24,,20,,—,,0,,2,,15,,—,,15,,16,,11,,—,,8,,5,,4,
  Corporate,,—,,—,,—,,—,,—,,—,,—,,—,,—,,—,,—,,—,,—,,—,,—,,—,,—,,—,,—,,—,,—,,—,,—,,—,,—,,—,,—,,—,,—,,—,,2,,-3,,—,,14,,22,,36,,—,,32,,31,,21,
  UnitedHealthcare,,—,,—,,—,,—,,—,,—,,—,,—,,—,,—,,—,,—,,—,,—,,—,,—,,—,,—,,—,,—,,—,,—,,—,,—,,—,,9,,8,,7,,—,,7,,8,,8,,—,,11,,11,,11,,—,,4,,6,,6,
  Optum Health,,—,,17,,18,,26,,—,,51,,46,,37,,—,,13,,17,,17,,—,,10,,7,,4,,—,,2,,3,,9,,—,,6,,7,,4,,—,,—,,—,,—,,—,,—,,—,,—,,—,,—,,—,,—,,—,,—,,—,,—,
  Uniprise,,—,,13,,14,,15,,—,,12,,10,,11,,—,,8,,4,,3,,—,,—,,—,,—,,—,,—,,—,,—,,—,,—,,—,,—,,—,,—,,—,,—,,—,,—,,—,,—,,—,,—,,—,,—,,—,,—,,—,,—,
  Prescription Solutions,,—,,—,,—,,—,,—,,—,,—,,—,,—,,—,,—,,3,,—,,-5,,-4,,-5,,—,,10,,12,,16,,—,,16,,19,,17,,—,,—,,—,,—,,—,,—,,—,,—,,—,,—,,—,,—,,—,,—,,—,,—,
  Ingenix,,—,,19,,20,,21,,—,,20,,21,,14,,—,,26,,32,,40,,—,,38,,34,,11,,—,,6,,10,,26,,—,,31,,26,,23,,—,,—,,—,,—,,—,,—,,—,,—,,—,,—,,—,,—,,—,,—,,—,,—,
  Health Benefits,,—,,37,,29,,14,,—,,63,,64,,62,,—,,8,,6,,4,,—,,5,,5,,7,,—,,9,,7,,7,,—,,5,,7,,9,,—,,—,,—,,—,,—,,—,,—,,—,,—,,—,,—,,—,,—,,—,,—,,—,
Goodwill,,9470,1.0,5446,1.0,9678,1.0,9783,1.0,16206,1.0,16580,1.0,16619,1.0,16667,1.0,16822,1.0,16889,1.0,16912,1.0,16909,1.0,16854,1.0,19307,1.0,20063,1.0,20051,1.0,20088,1.0,—,,20358,1.0,20362,1.0,20727,1.0,—,,—,,—,,22745,1.0,—,,—,,—,,23975,1.0,—,,—,,—,,31286,1.0,—,,—,,—,,31604,1.0,—,,—,,—,
  Optum Health,,409,0.0431890179514256,409,0.0751009915534337,444,0.0458772473651581,447,0.0456915056731064,732,0.0451684561273602,732,0.0441495778045838,800,0.0481376737469162,802,0.0481190376192476,1054,0.0626560456545001,1071,0.0634140564864705,1076,0.0636234626300851,1070,0.0632799101070436,1080,0.0640797436810253,1118,0.0579064587973274,1128,0.0562228978717041,1127,0.0562066729838911,1152,0.0573476702508961,—,,1118,0.0549169859514687,1118,0.0549061978194676,1158,0.0558691561731075,—,,—,,—,,—,,—,,—,,—,,—,,—,,—,,—,,—,,—,,—,,—,,—,,—,,—,,—,
  UnitedHealthcare,,—,,—,,—,,—,,—,,—,,—,,—,,—,,—,,—,,—,,—,,—,,—,,—,,—,,—,,—,,—,,—,,—,,—,,—,,17837,0.784216311277204,—,,—,,—,,17932,0.747945776850886,—,,—,,—,,24459,0.78178738093716,—,,—,,—,,24251,0.7673395772687,—,,—,,—,
  Optum,,—,,—,,—,,—,,—,,—,,—,,—,,—,,—,,—,,—,,—,,—,,—,,—,,—,,—,,—,,—,,—,,—,,—,,—,,4908,0.215783688722796,—,,—,,—,,6043,0.252054223149114,—,,—,,—,,6827,0.21821261906284,—,,—,,—,,7353,0.2326604227313,—,,—,,—,
    OptumHealth,,—,,—,,—,,—,,—,,—,,—,,—,,—,,—,,—,,—,,—,,—,,—,,—,,—,,—,,—,,—,,—,,—,,—,,—,,760,0.0334139371290393,—,,—,,—,,2113,0.088133472367049,—,,—,,—,,2818,0.0900722367832257,—,,—,,—,,2860,0.0904948740665738,—,,—,,—,
    Optum Rx,,—,,—,,—,,—,,—,,—,,—,,—,,—,,—,,—,,—,,—,,—,,—,,—,,—,,—,,—,,—,,—,,—,,—,,—,,840,0.0369311936689382,—,,—,,—,,840,0.035036496350365,—,,—,,—,,840,0.026849069871508,—,,—,,—,,840,0.0265789140615112,—,,—,,—,
    Optum Insight,,—,,—,,—,,—,,—,,—,,—,,—,,—,,—,,—,,—,,—,,—,,—,,—,,—,,—,,—,,—,,—,,—,,—,,—,,3308,0.145438557924819,—,,—,,—,,3090,0.1288842544317,—,,—,,—,,3169,0.101291312408106,—,,—,,—,,3653,0.115586634603215,—,,—,,—,
  Uniprise,,903,0.0953537486800422,698,0.128167462357694,904,0.0934077288696012,903,0.0923029745476848,917,0.0565839812415155,966,0.0582629674306393,967,0.0581864131415849,946,0.0567588648227035,946,0.0562358815836405,—,,—,,—,,—,,—,,—,,—,,—,,—,,—,,—,,—,,—,,—,,—,,—,,—,,—,,—,,—,,—,,—,,—,,—,,—,,—,,—,,—,,—,,—,,—,
  Prescription Solutions,,—,,—,,—,,—,,—,,—,,—,,—,,—,,676,0.0400260524601812,677,0.0400307473982971,677,0.0400378496658584,677,0.0401685059926427,1097,0.0568187703941576,1094,0.0545282360564223,1094,0.0545608697820558,840,0.041816009557945,—,,840,0.0412614205717654,840,0.0412533149985267,840,0.0405268490374873,—,,—,,—,,—,,—,,—,,—,,—,,—,,—,,—,,—,,—,,—,,—,,—,,—,,—,,—,
  Ingenix,,664,0.0701161562829989,634,0.116415717958134,722,0.0746021905352345,721,0.0736992742512522,723,0.0446131062569419,765,0.0461399276236429,787,0.0473554365485288,821,0.0492590148197036,826,0.049102365949352,861,0.0509799277636331,922,0.0545175023651845,951,0.0562422378614939,958,0.0568411059689095,1006,0.0521054539804216,1013,0.0504909534964861,1016,0.0506707894868086,1052,0.0523695738749502,—,,1304,0.0640534433637882,1308,0.0642373047834201,1463,0.0705842620736238,—,,—,,—,,—,,—,,—,,—,,—,,—,,—,,—,,—,,—,,—,,—,,—,,—,,—,,—,
  Health Benefits,,7494,0.791341077085533,3705,0.680315828130738,7608,0.786112833230006,7712,0.788306245527957,13834,0.853634456374182,14117,0.851447527141134,14065,0.84632047656297,14098,0.845863082738345,13996,0.832005706812507,14281,0.845579963289715,14237,0.841828287606433,14211,0.840440002365604,14139,0.838910644357422,16086,0.833169316828094,16828,0.838757912575387,16814,0.838561667747244,17044,0.848466746316209,—,,17096,0.839768150112978,17096,0.839603182398586,17266,0.833019732715781,—,,—,,—,,—,,—,,—,,—,,—,,—,,—,,—,,—,,—,,—,,—,,—,,—,,—,,—,
Assets,,27879,1.0,—,,—,,—,,41288,1.0,—,,—,,—,,48320,1.0,—,,—,,—,,50899,1.0,—,,—,,—,,55815,1.0,—,,—,,—,,59045,1.0,—,,—,,—,,63332,1.0,—,,—,,—,,67889,1.0,—,,—,,—,,80885,1.0,—,,—,,—,,81882,1.0,—,,—,,—,
  Adjustment,,353,,—,,—,,—,,560,,—,,—,,—,,561,,—,,—,,—,,—,,—,,—,,—,,—,,—,,—,,—,,—,,—,,—,,—,,—,,—,,—,,—,,—,,—,,—,,—,,—,,—,,—,,—,,—,,—,,—,,—,
  Optum Health,,1269,0.0446752332335856,—,,—,,—,,2179,0.0524188698308836,—,,—,,—,,2641,0.0572004071819973,—,,—,,—,,3714,0.0727194408004229,—,,—,,—,,4195,0.0762560895804552,—,,—,,—,,—,,—,,—,,—,,—,,—,,—,,—,,—,,—,,—,,—,,—,,—,,—,,—,,—,,—,,—,,—,
  UnitedHealthcare,,—,,—,,—,,—,,—,,—,,—,,—,,—,,—,,—,,—,,—,,—,,—,,—,,—,,—,,—,,—,,49920,0.846431659799583,—,,—,,—,,50913,0.803906398029432,—,,—,,—,,52618,0.771694654249468,—,,—,,—,,62971,0.777707793009757,—,,—,,—,,61942,0.750366449018159,—,,—,,—,
  Optum,,—,,—,,—,,—,,—,,—,,—,,—,,—,,—,,—,,—,,—,,—,,—,,—,,—,,—,,—,,—,,9057,0.153568340200417,—,,—,,—,,12419,0.196093601970568,—,,—,,—,,15567,0.228305345750532,—,,—,,—,,17999,0.222292206990243,—,,—,,—,,20607,0.249633550981841,—,,—,,—,
    OptumHealth,,—,,—,,—,,—,,—,,—,,—,,—,,—,,—,,—,,—,,—,,—,,—,,—,,—,,—,,—,,—,,3190,0.0540888821065839,—,,—,,—,,3897,0.0615328743763027,—,,—,,—,,6756,0.0990833761091149,—,,—,,—,,8198,0.101247375571199,—,,—,,—,,9244,0.111981974342512,—,,—,,—,
    Optum Rx,,—,,—,,—,,—,,—,,—,,—,,—,,—,,—,,—,,—,,—,,—,,—,,—,,—,,—,,—,,—,,3092,0.0524272173898299,—,,—,,—,,3087,0.048743131434346,—,,—,,—,,3503,0.0513749358363276,—,,—,,—,,3434,0.0424107694207731,—,,—,,—,,4483,0.0543071387902943,—,,—,,—,
    Optum Insight,,—,,—,,—,,—,,—,,—,,—,,—,,—,,—,,—,,—,,—,,—,,—,,—,,—,,—,,—,,—,,2775,0.0470522407040032,—,,—,,—,,5435,0.0858175961599192,—,,—,,—,,5308,0.0778470338050891,—,,—,,—,,6367,0.078634061998271,—,,—,,—,,6880,0.0833444378490351,—,,—,,—,
  Uniprise,,2366,0.0832951945080092,—,,—,,—,,2599,0.062522552863913,—,,—,,—,,3133,0.0678564466873146,—,,—,,—,,—,,—,,—,,—,,—,,—,,—,,—,,—,,—,,—,,—,,—,,—,,—,,—,,—,,—,,—,,—,,—,,—,,—,,—,,—,,—,,—,,—,
  Prescription Solutions,,—,,—,,—,,—,,—,,—,,—,,—,,—,,—,,—,,—,,2420,0.0473831574413095,—,,—,,—,,2603,0.0473169490293027,—,,—,,—,,—,,—,,—,,—,,—,,—,,—,,—,,—,,—,,—,,—,,—,,—,,—,,—,,—,,—,,—,,—,
  Corporate,,-879,,—,,—,,—,,-841,,—,,—,,—,,1588,,—,,—,,—,,-174,,—,,—,,—,,803,,—,,—,,—,,68,,—,,—,,—,,—,,—,,—,,—,,-296,,—,,—,,—,,-85,,—,,—,,—,,-667,,—,,—,,—,
  Ingenix,,971,0.034184122513642,—,,—,,—,,1057,0.0254276022997907,—,,—,,—,,1279,0.0277013709904485,—,,—,,—,,1596,0.0312493881307149,—,,—,,—,,1755,0.0319021304442667,—,,—,,—,,—,,—,,—,,—,,—,,—,,—,,—,,—,,—,,—,,—,,—,,—,,—,,—,,—,,—,,—,,—,
  Health Care Service,,23799,0.837845449744763,—,,—,,—,,35734,0.859630975005413,—,,—,,—,,39118,0.84724177514024,—,,—,,—,,43343,0.848648013627553,—,,—,,—,,46459,0.844524830945975,—,,—,,—,,—,,—,,—,,—,,—,,—,,—,,—,,—,,—,,—,,—,,—,,—,,—,,—,,—,,—,,—,,—,
Operating Income Change Amount,,—,,—,,—,,—,,—,,—,,—,,—,,—,,—,,—,,—,,—,,—,,—,,—,,—,,-45,,767,1.0,78,1.0,296,1.0,348,1.0,461,1.0,469,1.0,—,,205,1.0,198,1.0,-75,,272,1.0,96,1.0,127,1.0,540,1.0,27,1.0,-178,,175,1.0,21,1.0,351,1.0,-85,,151,1.0,272,1.0
  Optum,,—,,—,,—,,—,,—,,—,,—,,—,,—,,—,,—,,—,,—,,—,,—,,—,,—,,—,,—,,—,,—,,—,,—,,—,,—,,-3,-0.0146341463414634,4,0.0202020202020202,10,-0.133333333333333,126,0.463235294117647,-70,-0.729166666666667,-20,-0.15748031496063,88,0.162962962962963,180,6.66666666666667,243,-1.36516853932584,216,1.23428571428571,220,10.4761904761905,245,0.698005698005698,109,-1.28235294117647,136,0.900662251655629,184,0.676470588235294
    Optum Rx,,—,,—,,—,,—,,—,,—,,—,,—,,—,,—,,—,,—,,—,,—,,—,,—,,—,,—,,—,,—,,—,,—,,—,,—,,—,,1,0.0048780487804878,-16,-0.0808080808080808,-23,0.306666666666667,-34,-0.125,-59,-0.614583333333333,-16,-0.125984251968504,0,,-64,-2.37037037037037,49,-0.275280898876405,52,0.297142857142857,90,4.28571428571429,147,0.418803418803419,129,-1.51764705882353,145,0.960264900662252,128,0.470588235294118
    OptumHealth,,—,,—,,—,,—,,—,,—,,—,,—,,—,,—,,—,,—,,—,,—,,—,,—,,—,,—,,—,,—,,—,,—,,—,,—,,—,,-34,-0.165853658536585,-7,-0.0353535353535354,12,-0.16,-59,-0.216911764705882,-17,-0.177083333333333,-12,-0.094488188976378,53,0.0981481481481482,138,5.11111111111111,134,-0.752808988764045,102,0.582857142857143,112,5.33333333333333,63,0.179487179487179,-9,0.105882352941176,8,0.0529801324503311,43,0.158088235294118
    Optum Insight,,—,,—,,—,,—,,—,,—,,—,,—,,—,,—,,—,,—,,—,,—,,—,,—,,—,,—,,—,,—,,—,,—,,—,,—,,—,,30,0.146341463414634,27,0.136363636363636,21,-0.28,219,0.805147058823529,6,0.0625,8,0.062992125984252,35,0.0648148148148148,104,3.85185185185185,60,-0.337078651685393,62,0.354285714285714,18,0.857142857142857,35,0.0997150997150997,-11,0.129411764705882,-17,-0.112582781456954,13,0.0477941176470588
  UnitedHealthcare,,—,,—,,—,,—,,—,,—,,—,,—,,—,,—,,—,,—,,—,,—,,—,,—,,—,,—,,—,,—,,—,,—,,—,,—,,—,,208,1.01463414634146,194,0.97979797979798,-85,1.13333333333333,146,0.536764705882353,166,1.72916666666667,147,1.15748031496063,452,0.837037037037037,-153,-5.66666666666667,-421,2.36516853932584,-41,-0.234285714285714,-199,-9.47619047619048,106,0.301994301994302,-194,2.28235294117647,15,0.0993377483443709,88,0.323529411764706
  Optum Health,,—,,—,,—,,—,,—,,—,,—,,—,,—,,—,,—,,—,,—,,—,,—,,—,,—,,-39,0.866666666666667,-27,1.6875,-3,-0.0441176470588235,-13,0.5,-7,-0.0201149425287356,19,0.0412147505422994,-29,-0.0618336886993603,—,,—,,—,,—,,—,,—,,—,,—,,—,,—,,—,,—,,—,,—,,—,,—,
  Prescription Solutions,,—,,—,,—,,—,,—,,—,,—,,—,,—,,—,,—,,—,,—,,—,,—,,—,,—,,42,-0.933333333333333,72,-4.5,105,1.54411764705882,107,-4.11538461538461,-10,-0.028735632183908,-30,-0.0650759219088937,-57,-0.121535181236674,—,,—,,—,,—,,—,,—,,—,,—,,—,,—,,—,,—,,—,,—,,—,,—,
  Corporate,,—,,—,,—,,—,,—,,—,,—,,—,,—,,—,,—,,—,,—,,—,,—,,—,,—,,—,,783,,10,,322,,—,,—,,—,,—,,—,,—,,—,,0,,—,,—,,—,,—,,—,,—,,—,,—,,—,,—,,—,
  Ingenix,,—,,—,,—,,—,,—,,—,,—,,—,,—,,—,,—,,—,,—,,—,,—,,—,,—,,2,-0.0444444444444444,10,-0.625,7,0.102941176470588,-2,0.0769230769230769,4,0.0114942528735632,1,0.00216919739696312,6,0.0127931769722814,—,,—,,—,,—,,—,,—,,—,,—,,—,,—,,—,,—,,—,,—,,—,,—,
  Health Benefits,,—,,—,,—,,—,,—,,—,,—,,—,,—,,—,,—,,—,,—,,—,,—,,—,,—,,-50,1.11111111111111,-71,4.4375,-41,-0.602941176470588,-118,4.53846153846154,361,1.03735632183908,471,1.02169197396963,549,1.17057569296375,—,,—,,—,,—,,—,,—,,—,,—,,—,,—,,—,,—,,—,,—,,—,,—,
Depreciation and Amortization,,—,,—,,—,,—,,—,,—,,—,,—,,—,,—,,—,,—,,—,,—,,—,,—,,—,,—,,—,,—,,991,1.0,—,,—,,—,,—,,—,,—,,—,,—,,—,,—,,—,,—,,—,,—,,—,,—,,—,,—,,—,
  UnitedHealthcare,,—,,—,,—,,—,,—,,—,,—,,—,,—,,—,,—,,—,,—,,—,,—,,—,,—,,—,,—,,—,,679,0.685166498486377,—,,—,,—,,—,,—,,—,,—,,—,,—,,—,,—,,—,,—,,—,,—,,—,,—,,—,,—,
  Optum,,—,,—,,—,,—,,—,,—,,—,,—,,—,,—,,—,,—,,—,,—,,—,,—,,—,,—,,—,,—,,312,0.314833501513623,—,,—,,—,,—,,—,,—,,—,,—,,—,,—,,—,,—,,—,,—,,—,,—,,—,,—,,—,
    OptumHealth,,—,,—,,—,,—,,—,,—,,—,,—,,—,,—,,—,,—,,—,,—,,—,,—,,—,,—,,—,,—,,105,0.105953582240161,—,,—,,—,,—,,—,,—,,—,,—,,—,,—,,—,,—,,—,,—,,—,,—,,—,,—,,—,
    Optum Rx,,—,,—,,—,,—,,—,,—,,—,,—,,—,,—,,—,,—,,—,,—,,—,,—,,—,,—,,—,,—,,79,0.0797174571140262,—,,—,,—,,—,,—,,—,,—,,—,,—,,—,,—,,—,,—,,—,,—,,—,,—,,—,,—,
    Optum Insight,,—,,—,,—,,—,,—,,—,,—,,—,,—,,—,,—,,—,,—,,—,,—,,—,,—,,—,,—,,—,,128,0.129162462159435,—,,—,,—,,—,,—,,—,,—,,—,,—,,—,,—,,—,,—,,—,,—,,—,,—,,—,,—,
  Corporate,,—,,—,,—,,—,,—,,—,,—,,—,,—,,—,,—,,—,,—,,—,,—,,—,,—,,—,,—,,—,,0,,—,,—,,—,,—,,—,,—,,—,,—,,—,,—,,—,,—,,—,,—,,—,,—,,—,,—,,—,
Capital Expenditures,,—,,—,,—,,—,,—,,—,,—,,—,,—,,—,,—,,—,,—,,—,,—,,—,,—,,—,,—,,—,,-739,,—,,—,,—,,—,,—,,—,,—,,—,,—,,—,,—,,—,,—,,—,,—,,—,,—,,—,,—,
  UnitedHealthcare,,—,,—,,—,,—,,—,,—,,—,,—,,—,,—,,—,,—,,—,,—,,—,,—,,—,,—,,—,,—,,-482,0.652232746955345,—,,—,,—,,—,,—,,—,,—,,—,,—,,—,,—,,—,,—,,—,,—,,—,,—,,—,,—,
  Optum,,—,,—,,—,,—,,—,,—,,—,,—,,—,,—,,—,,—,,—,,—,,—,,—,,—,,—,,—,,—,,-257,0.347767253044655,—,,—,,—,,—,,—,,—,,—,,—,,—,,—,,—,,—,,—,,—,,—,,—,,—,,—,,—,
    OptumHealth,,—,,—,,—,,—,,—,,—,,—,,—,,—,,—,,—,,—,,—,,—,,—,,—,,—,,—,,—,,—,,-71,0.0960757780784844,—,,—,,—,,—,,—,,—,,—,,—,,—,,—,,—,,—,,—,,—,,—,,—,,—,,—,,—,
    Optum Rx,,—,,—,,—,,—,,—,,—,,—,,—,,—,,—,,—,,—,,—,,—,,—,,—,,—,,—,,—,,—,,-57,0.0771312584573748,—,,—,,—,,—,,—,,—,,—,,—,,—,,—,,—,,—,,—,,—,,—,,—,,—,,—,,—,
    Optum Insight,,—,,—,,—,,—,,—,,—,,—,,—,,—,,—,,—,,—,,—,,—,,—,,—,,—,,—,,—,,—,,-129,0.174560216508796,—,,—,,—,,—,,—,,—,,—,,—,,—,,—,,—,,—,,—,,—,,—,,—,,—,,—,,—,
  Corporate,,—,,—,,—,,—,,—,,—,,—,,—,,—,,—,,—,,—,,—,,—,,—,,—,,—,,—,,—,,—,,0,,—,,—,,—,,—,,—,,—,,—,,—,,—,,—,,—,,—,,—,,—,,—,,—,,—,,—,,—,
Source: Bloomberg,,,,,,,,,,,,,,,,,,,,,,,,,,,,,,,,,,,,,,,,,,,,,,,,,,,,,,,,,,,,,,,,,,,,,,,,,,,,,,,,,
