Unnamed: 0,Unnamed: 1,Unnamed: 2,Unnamed: 3,Unnamed: 4,Unnamed: 5,Unnamed: 6,Unnamed: 7,Unnamed: 8,Unnamed: 9,Unnamed: 10,Unnamed: 11,Unnamed: 12,Unnamed: 13,Unnamed: 14,Unnamed: 15,Unnamed: 16,Unnamed: 17,Unnamed: 18,Unnamed: 19,Unnamed: 20,Unnamed: 21,Unnamed: 22,Unnamed: 23,Unnamed: 24,Unnamed: 25,Unnamed: 26,Unnamed: 27,Unnamed: 28,Unnamed: 29,Unnamed: 30,Unnamed: 31,Unnamed: 32,Unnamed: 33,Unnamed: 34,Unnamed: 35,Unnamed: 36,Unnamed: 37,Unnamed: 38,Unnamed: 39,Unnamed: 40,Unnamed: 41,Unnamed: 42,Unnamed: 43,Unnamed: 44,Unnamed: 45,Unnamed: 46,Unnamed: 47,Unnamed: 48,Unnamed: 49
UnitedHealth Group Inc (UNH US) - By Measure,,,,,,,,,,,,,,,,,,,,,,,,,,,,,,,,,,,,,,,,,,,,,,,,,
,,,,,,,,,,,,,,,,,,,,,,,,,,,,,,,,,,,,,,,,,,,,,,,,,
In Millions of USD except Per Share,,FY 2000,,FY 2001,,FY 2002,,FY 2003,,FY 2004,,FY 2005,,FY 2006,,FY 2007,,FY 2008,,FY 2009,,FY 2010,,FY 2011,,FY 2012,,FY 2013,,FY 2014,,FY 2015,,FY 2016,,FY 2017,,FY 2018,,FY 2019,,FY 2020,,FY 2021,,FY 2022,,FY 2023,
12 Months Ending,,12/31/2000,,12/31/2001,,12/31/2002,,12/31/2003,,12/31/2004,,12/31/2005,,12/31/2006,,12/31/2007,,12/31/2008,,12/31/2009,,12/31/2010,,12/31/2011,,12/31/2012,,12/31/2013,,12/31/2014,,12/31/2015,,12/31/2016,,12/31/2017,,12/31/2018,,12/31/2019,,12/31/2020,,12/31/2021,,12/31/2022,,12/31/2023,
Revenue,,21122,1.0,23454,1.0,25020,1.0,28823,1.0,37218,1.0,46425,1.0,71542,1.0,75431,1.0,81186,1.0,87138,1.0,94155,1.0,101862,1.0,110618,1.0,122489,1.0,130474,1.0,157107,1.0,184840,1.0,201159,1.0,226247,1.0,242155,1.0,257141,1.0,287597,1.0,324162,1.0,371622,1.0
  UnitedHealthcare,,—,,—,,—,,—,,—,,—,,—,,—,,—,,82192,0.949691493541007,88179,0.942627156692964,94778,0.936467472927041,102766,0.934763230184286,113108,0.929064266000788,119164,0.918801804233008,130789,0.836262843916443,147970,0.80413233919527,162599,0.81244253907343,182648,0.81223457004238,192705,0.802038548460267,200143,0.782912622878356,222042,0.778349160278049,248818,0.772410067922466,279109,0.7594120800037
    Premium,,—,,—,,—,,—,,—,,—,,—,,—,,—,,78251,0.904155015829732,84158,0.899642956406474,90487,0.894069638763734,97985,0.891275082319125,107024,0.879090550663688,112645,0.868537723119627,124011,0.79292441670876,140455,0.763292611351434,154709,0.773019346844146,174282,0.775031017783529,183783,0.764905168789981,191679,0.749803433748372,212381,0.744483354541089,238783,0.741258241962922,269052,0.732048550742382
    Services,,—,,—,,—,,—,,—,,—,,—,,—,,—,,3941,0.0455364777112749,4021,0.0429842002864901,4291,0.0423978341633072,4780,0.0434790518292128,6076,0.0499080036798528,6516,0.0502409499209684,6776,0.0433256392386043,7514,0.0408342934156468,7890,0.0394231922292841,8366,0.0372035522588506,8922,0.0371333796702862,8464,0.0331091891299841,9661,0.0338658057369607,10035,0.0311518259595445,10057,0.027363529261318
    Products,,—,,—,,—,,—,,—,,—,,—,,—,,—,,0,,0,,0,,1,9.09603594753407e-06,8,6.57116572479958e-05,3,2.31311924129689e-05,2,1.27879690786908e-05,1,5.4344281894659e-06,0,,0,,0,,0,,0,,0,,0,
  Optum,,—,,—,,—,,—,,—,,—,,—,,—,,—,,4354,0.0503085064589929,5367,0.0573728433070361,6430,0.0635325270729587,7172,0.0652367698157143,8636,0.0709357339992115,10531,0.0811981957669918,25608,0.163737156083557,36042,0.19586766080473,37537,0.18755746092657,42223,0.18776542995762,47564,0.197961451539733,55496,0.217087377121644,63231,0.221650839721951,73314,0.227589932077533,88424,0.2405879199963
    Optum Rx,,—,,—,,—,,—,,—,,—,,—,,—,,—,,1868,0.0215838975804774,2274,0.0243088961580399,2570,0.0253932495454905,2747,0.0249868107478761,3167,0.0260136023130503,4236,0.0326612436871121,17552,0.11222721663459,27060,0.147055626806947,26781,0.133814006475597,30050,0.133632171333787,32139,0.133762574447806,35027,0.13701743474196,35358,0.123944432175495,38775,0.120369910471484,44411,0.120835407976971
      Products,,—,,—,,—,,—,,—,,—,,—,,—,,—,,1819,0.0210177246782058,2210,0.0236247407692472,2492,0.0246225594814639,2664,0.0242318397642308,3071,0.0252250624260744,4125,0.0318053895678322,17171,0.1097911085251,26506,0.144044953589983,26216,0.130990926170204,29438,0.130910610972513,31450,0.130894955237671,33977,0.132910080230325,34246,0.120046411682844,37172,0.115393689543417,42214,0.114857713457023
      Services,,—,,—,,—,,—,,—,,—,,—,,—,,—,,49,0.000566172902271624,64,0.00068415538879268,78,0.000770690064026559,83,0.000754970983645327,96,0.000788539886975949,111,0.000855854119279849,381,0.00243610810949059,554,0.00301067321696411,565,0.00282308030539233,612,0.0027215603612738,689,0.00286761921013531,1050,0.00410735451163555,1112,0.0038980204926509,1603,0.00497622092806676,2197,0.00597769451994787
      Premium,,—,,—,,—,,—,,—,,—,,—,,—,,—,,0,,0,,0,,0,,0,,0,,0,,0,,0,,0,,0,,0,,0,,0,,0,
    OptumHealth,,—,,—,,—,,—,,—,,—,,—,,—,,—,,1354,0.0156448593811384,1597,0.0170718149359673,2148,0.0212236186862699,2531,0.0230220669832087,3371,0.0276892495728742,3975,0.0306488299471838,5558,0.0355377660696816,6209,0.0337423646283938,7801,0.0389784946236559,8782,0.0390535017854681,11679,0.0486080185125838,16647,0.0651191719573305,23778,0.0833517367574219,29363,0.0911520743049433,36091,0.0981979849428487
      Premium,,—,,—,,—,,—,,—,,—,,—,,—,,—,,1064,0.0122940401636124,1247,0.0133303401535074,1496,0.0147814402023555,1743,0.0158543906565519,2533,0.0208059534761467,2657,0.0204865260804194,3152,0.0201538392680167,3663,0.0199063104580136,3744,0.0187072790502458,3805,0.0169208123768739,5916,0.0246224023906538,9799,0.0383313970090636,13852,0.0485569962807556,18374,0.0570387294649398,21775,0.0592463805971164
      Services,,—,,—,,—,,—,,—,,—,,—,,—,,—,,274,0.00316594643311072,331,0.00353836615141214,628,0.00620504307959845,767,0.00697665957175863,819,0.00672723091076357,1300,0.0100235167122865,2375,0.0151857132809453,2498,0.0135752016172858,4013,0.0200513650717512,4925,0.0219014457177671,5732,0.0238565940674827,6815,0.0266586866636155,9894,0.0346825672250791,10917,0.0338898339811009,14109,0.0383883896139938
      Products,,—,,—,,—,,—,,—,,—,,—,,—,,—,,16,0.000184872784415224,19,0.000203108631047827,24,0.000237135404315864,21,0.000191016754898215,19,0.00015606518596399,18,0.000138787154477813,31,0.000198213520719707,48,0.000260852553094363,44,0.000219850501658872,52,0.000231243690827185,31,0.000129022054447307,33,0.000129088284651403,32,0.000112173251587076,72,0.000223510858902562,207,0.000563214731738374
    Optum Insight,,—,,—,,—,,—,,—,,—,,—,,—,,—,,1132,0.0130797494973771,1496,0.0159921322130289,1712,0.0169156588411983,1894,0.0172278920846295,2098,0.0172328821132869,2320,0.0178881221326959,2498,0.0159721733792848,2773,0.015069669369389,2955,0.0147649598273174,3391,0.0150797568383651,3746,0.0155908585793423,3822,0.0149507704223534,4095,0.0143546707890337,5176,0.0160679473011064,7922,0.0215545270764802
      Services,,—,,—,,—,,—,,—,,—,,—,,—,,—,,1042,0.0120398400850415,1403,0.0149979689136895,1616,0.0159671172239349,1807,0.0164365369571941,2006,0.0164771980549349,2224,0.0171479239754809,2390,0.0152816230490355,2670,0.014509923265874,2849,0.014235319982412,3280,0.0145861404983302,3630,0.015108066375604,3687,0.0144226819851431,3936,0.0137973099452104,4996,0.01550917015385,7760,0.0211137503299023
      Products,,—,,—,,—,,—,,—,,—,,—,,—,,—,,90,0.00103990941233564,93,0.000994163299339362,96,0.000948541617263458,87,0.000791355127435464,92,0.000755684058351952,96,0.000740198157215004,108,0.000690550330249301,103,0.000559746103514988,106,0.000529639844905464,111,0.000493616340034953,116,0.00048279220373831,135,0.000528088437210285,159,0.000557360843823285,180,0.000558777147256404,162,0.000440776746577858
      Premium,,—,,—,,—,,—,,—,,—,,—,,—,,—,,0,,0,,0,,0,,0,,0,,0,,0,,0,,0,,0,,0,,0,,0,,0,
  Adjustment,,232,,281,,220,,257,,-586,,505,,871,,1144,,771,,592,,609,,654,,680,,745,,—,,710,,828,,1023,,1376,,1886,,1502,,2324,,2030,,4089,
  Corporate,,0,,0,,—,,0,,—,,0,,0,,0,,0,,0,,0,,0,,0,,0,,0,,0,,0,,0,,0,,0,,0,,0,,0,,0,
  Optum Health,,503,0.0240785064624222,734,0.0316747939412247,897,0.0361693548387097,1077,0.0377021634110481,1363,0.0360543857792826,1686,0.0367160278745645,2309,0.0326725247980077,2448,0.0329532758086879,2621,0.0325934216253187,—,,—,,—,,—,,—,,—,,—,,—,,—,,—,,—,,—,,—,,—,,—,
  Uniprise,,1595,0.0763523216850168,1841,0.0794459068743797,2175,0.0877016129032258,2496,0.0873766015542953,3639,0.0962596550629563,4102,0.0893292682926829,4253,0.060180271964455,—,,—,,—,,—,,—,,—,,—,,—,,—,,—,,—,,—,,—,,—,,—,,—,,—,
  Prescription Solutions,,—,,—,,—,,—,,—,,—,,—,,817,0.01099788657504,1605,0.0199589628800597,—,,—,,—,,—,,—,,—,,—,,—,,—,,—,,—,,—,,—,,—,,—,
  Reconciliation,,—,,—,,—,,—,,—,,—,,—,,—,,—,,—,,—,,—,,—,,—,,779,,—,,—,,—,,—,,—,,—,,—,,—,,—,
  Ingenix,,290,0.0138822403063667,339,0.0146290942044621,355,0.0143145161290323,401,0.0140376671567598,483,0.0127764257750503,550,0.0119773519163763,686,0.00970695193219284,867,0.0116709518489103,1020,0.012684200708823,—,,—,,—,,—,,—,,—,,—,,—,,—,,—,,—,,—,,—,,—,,—,
  Health Care Service,,18502,0.885686931546194,20259,0.874250204979934,21373,0.861814516129032,24592,0.860883567877897,32319,0.854909533382711,39582,0.861977351916376,63423,0.897440251305344,70155,0.944377885767362,75169,0.934763414785799,—,,—,,—,,—,,—,,—,,—,,—,,—,,—,,—,,—,,—,,—,,—,
Intersegment Revenue,,1066,1.0,1199,1.0,1257,1.0,1543,1.0,1785,1.0,2104,1.0,3054,1.0,15242,1.0,14021,1.0,16028,1.0,18206,1.0,22127,1.0,23477,1.0,29811,1.0,37559,1.0,42631,1.0,48422,1.0,54510,1.0,59918,1.0,66298,1.0,81842,1.0,92880,1.0,111107,1.0,140076,1.0
  Optum,,—,,—,,—,,—,,—,,—,,—,,—,,—,,16028,1.0,18206,1.0,22127,1.0,23477,1.0,29811,1.0,37559,1.0,42631,1.0,48422,1.0,54510,1.0,59918,1.0,66298,1.0,81842,1.0,92880,1.0,111107,1.0,140076,1.0
    Optum Rx,,—,,—,,—,,—,,—,,—,,—,,—,,—,,12532,0.781881707012728,14449,0.79363945951884,16708,0.755095584579925,15611,0.664948673169485,20839,0.699037268122505,27740,0.738571314465241,30718,0.720555464333466,33372,0.689190863657015,36954,0.677930654925702,39440,0.658232918321706,42093,0.634906030347823,52420,0.640502431514381,55779,0.600549095607235,60936,0.54844429243882,71484,0.510322967531911
    OptumHealth,,—,,—,,—,,—,,—,,—,,—,,—,,—,,2805,0.175006239081607,2912,0.159947270130726,4461,0.201608894111267,5503,0.234399625165055,6357,0.213243433631881,6913,0.184057083521926,8216,0.192723604888461,10491,0.216657717566395,12429,0.228013208585581,14882,0.248372776127374,17966,0.270988566774262,22481,0.274687813103297,29234,0.314750215331611,40883,0.367960614542738,57696,0.411890687912276
    Optum Insight,,—,,—,,—,,—,,—,,—,,—,,—,,—,,691,0.0431120539056651,845,0.0464132703504339,958,0.0432955213088082,2363,0.10065170166546,2615,0.087719298245614,2906,0.0773716020128331,3697,0.0867209307780723,4559,0.0941514187765891,5127,0.0940561364887177,5596,0.0933943055509196,6239,0.0941054028779149,6941,0.084809755382322,7867,0.0847006890611542,9288,0.0835950930184417,10896,0.0777863445558126
  UnitedHealthcare,,—,,—,,—,,—,,—,,—,,—,,—,,—,,0,,0,,0,,0,,0,,0,,0,,0,,0,,0,,0,,0,,0,,0,,0,
  Optum Health,,461,0.432457786116323,504,0.420350291909925,598,0.475735879077168,787,0.510045366169799,914,0.512044817927171,1095,0.520437262357414,1632,0.534381139489195,2385,0.156475528145913,2529,0.180372298694815,—,,—,,—,,—,,—,,—,,—,,—,,—,,—,,—,,—,,—,,—,,—,
  Uniprise,,520,0.48780487804878,587,0.489574645537948,523,0.416070007955449,583,0.377835385612443,647,0.362464985994398,752,0.357414448669202,1132,0.370661427635887,—,,—,,—,,—,,—,,—,,—,,—,,—,,—,,—,,—,,—,,—,,—,,—,,—,
  Prescription Solutions,,—,,—,,—,,—,,—,,—,,—,,12420,0.814853693740979,10960,0.781684615933243,—,,—,,—,,—,,—,,—,,—,,—,,—,,—,,—,,—,,—,,—,,—,
  Ingenix,,85,0.0797373358348968,108,0.0900750625521268,136,0.108194112967383,173,0.112119248217758,224,0.125490196078431,257,0.122148288973384,290,0.0949574328749181,437,0.0286707781131085,532,0.0379430853719421,—,,—,,—,,—,,—,,—,,—,,—,,—,,—,,—,,—,,—,,—,,—,
  Health Care Service,,0,,0,,0,,0,,0,,0,,0,,0,,0,,—,,—,,—,,—,,—,,—,,—,,—,,—,,—,,—,,—,,—,,—,,—,
Revenue Including Intersegment Revenue,,22185,1.0,24657,1.0,26277,1.0,30366,1.0,40002,1.0,48529,1.0,74596,1.0,90673,1.0,95207,1.0,103166,1.0,112361,1.0,123989,1.0,133731,1.0,151842,1.0,167544,1.0,198947,1.0,232174,1.0,254442,1.0,284756,1.0,306792,1.0,337183,1.0,380477,1.0,432509,1.0,507995,1.0
  UnitedHealthcare,,—,,—,,—,,—,,—,,—,,—,,—,,—,,82730,0.801911482465153,88730,0.789686813040112,95336,0.768906919162184,103332,0.772685465598851,113725,0.748969323375614,119798,0.715024113068806,131343,0.660190905115433,148581,0.639955378293866,163257,0.64162756148749,183476,0.644327073002852,193842,0.631835249941328,200875,0.595744743952097,222899,0.585840931252086,249741,0.577423822394447,281360,0.553863719131094
    Premium,,—,,—,,—,,—,,—,,—,,—,,—,,—,,—,,—,,—,,—,,—,,—,,—,,—,,—,,—,,193842,0.631835249941328,200875,0.595744743952097,222899,0.585840931252086,249741,0.577423822394447,281360,0.553863719131094
  Optum,,—,,—,,—,,—,,—,,—,,—,,—,,—,,20436,0.198088517534847,23631,0.210313186959888,28653,0.231093080837816,30399,0.227314534401149,38117,0.251030676624386,47746,0.284975886931194,67604,0.339809094884567,83593,0.360044621706134,91185,0.35837243851251,101280,0.355672926997148,112950,0.368164750058672,136308,0.404255256047903,157578,0.414159068747914,182768,0.422576177605553,226635,0.446136280868906
    Optum Rx,,—,,—,,—,,—,,—,,—,,—,,—,,—,,14401,0.139590562782312,16724,0.148841679942329,19278,0.155481534652268,18359,0.137283053293552,24006,0.158098549808353,31976,0.190851358449124,48272,0.242637486365715,60440,0.260321999879401,63755,0.250567909386029,69536,0.24419503013106,74288,0.242144514850452,87498,0.259497068357539,91314,0.239998738425713,99773,0.230684216975832,116087,0.228519965747694
    OptumHealth,,—,,—,,—,,—,,—,,—,,—,,—,,—,,4212,0.0408274043774112,4565,0.0406279758991109,6704,0.0540693126003113,8147,0.0609208037029559,9855,0.0649029912672383,11032,0.0658453898677362,13927,0.0700035687896777,16908,0.0728246918259581,20570,0.0808435714229569,24145,0.0847918920057874,30317,0.0988193955513833,39808,0.118060519065315,54065,0.142097945473708,71174,0.164560737464423,95319,0.18763767359915
    Optum Insight,,—,,—,,—,,—,,—,,—,,—,,—,,—,,1823,0.0176705503751236,2342,0.0208435311184486,2671,0.0215422335852374,4257,0.0318325593916145,4714,0.0310454288009905,5227,0.0311977749128587,6196,0.0311439730179395,7333,0.0315840705677638,8087,0.0317832747738188,9008,0.031634100773996,10006,0.0326149312889515,10802,0.0320360160506313,12199,0.0320623848484928,14581,0.0337125932639552,18932,0.037268083347277
  Optum Health,,974,0.043903538426865,1254,0.050857768584986,1509,0.0574266468774974,1878,0.0618454850819996,2296,0.0573971301434928,2806,0.0578210966638505,3989,0.0534747171430104,4921,0.0542719442391892,5225,0.0548804184566261,—,,—,,—,,—,,—,,—,,—,,—,,—,,—,,—,,—,,—,,—,,—,
  Uniprise,,2140,0.0964615731350011,2462,0.0998499411931703,2725,0.103702858012711,3107,0.10231838240137,4318,0.107944602769862,4893,0.100826310041419,5451,0.0730736232505764,—,,—,,—,,—,,—,,—,,—,,—,,—,,—,,—,,—,,—,,—,,—,,—,,—,
  Prescription Solutions,,—,,—,,—,,—,,—,,—,,—,,13249,0.146118469665722,12573,0.132059617465102,—,,—,,—,,—,,—,,—,,—,,—,,—,,—,,—,,—,,—,,—,,—,
  Ingenix,,375,0.0169033130493577,447,0.0181287261223993,491,0.0186855424896297,574,0.0189027201475334,707,0.0176741162941853,807,0.0166292320056049,976,0.0130838114644217,1304,0.0143813483616953,1552,0.0163013223817576,—,,—,,—,,—,,—,,—,,—,,—,,—,,—,,—,,—,,—,,—,,—,
  Health Care Service,,18696,0.842731575388776,20494,0.831163564099444,21552,0.820184952620162,24807,0.816933412369097,32681,0.81698415079246,40023,0.824723361289126,64180,0.860367848141992,71199,0.785228237733394,75857,0.796758641696514,—,,—,,—,,—,,—,,—,,—,,—,,—,,—,,—,,—,,—,,—,,—,
Operating Income,,1200,1.0,1566,1.0,2186,1.0,2935,1.0,4101,1.0,5080,1.0,6984,1.0,7849,1.0,5263,1.0,6359,1.0,7864,1.0,8464,1.0,9254,1.0,9623,1.0,10274,1.0,11021,1.0,12930,1.0,15209,1.0,17344,1.0,19685,1.0,22405,1.0,23970,1.0,28435,1.0,32358,1.0
  UnitedHealthcare,,—,,—,,—,,—,,—,,—,,—,,—,,—,,4833,0.760025161188866,6740,0.85707019328586,7203,0.85101606805293,7687,0.830667819321375,7132,0.741141016315078,6992,0.680552851859062,6754,0.612830051719445,7307,0.565119876256767,8498,0.558748109671905,9113,0.525426660516605,10326,0.524561849123698,12359,0.551617942423566,11975,0.499582811848144,14379,0.50567962018639,16415,0.507293405031213
  Optum,,—,,—,,—,,—,,—,,—,,—,,—,,—,,1526,0.239974838811134,1124,0.14292980671414,1261,0.14898393194707,1567,0.169332180678625,2491,0.258858983684922,3282,0.319447148140938,4267,0.387169948280555,5623,0.434880123743233,6711,0.441251890328095,8231,0.474573339483395,9359,0.475438150876302,10046,0.448382057576434,11995,0.500417188151857,14056,0.49432037981361,15943,0.492706594968787
    OptumHealth,,—,,—,,—,,—,,—,,—,,—,,—,,—,,599,0.0941972008177386,511,0.0649796541200407,423,0.049976370510397,538,0.0581370218283985,949,0.0986178946274551,1090,0.106093050418532,1240,0.112512476181835,1428,0.110440835266821,1823,0.119863238871721,2430,0.140106088560886,2963,0.150520701041402,3434,0.153269359517965,4462,0.186149353358365,6032,0.212132934763496,6560,0.202731936460844
    Optum Rx,,—,,—,,—,,—,,—,,—,,—,,—,,—,,681,0.107092310111653,529,0.0672685656154629,457,0.0539933837429112,373,0.0403068943159715,711,0.0738854826977034,1190,0.115826357796379,1749,0.15869703293712,2682,0.207424593967517,3118,0.205010191334079,3558,0.205142988929889,3902,0.198221996443993,3887,0.173488060700736,4135,0.172507300792657,4436,0.156004923509759,5115,0.158075282773966
    Optum Insight,,—,,—,,—,,—,,—,,—,,—,,—,,—,,246,0.0386853278817424,84,0.0106815869786368,381,0.0450141776937618,656,0.0708882645342555,831,0.0863556063597631,1002,0.0975277399260269,1278,0.115960439161601,1513,0.117014694508894,1770,0.116378460122296,2243,0.12932426199262,2494,0.126695453390907,2725,0.121624637357733,3398,0.141760534000834,3588,0.126182521540355,4268,0.131899375733976
  Adjustment,,—,,—,,—,,—,,-33703,,—,,—,,—,,—,,—,,—,,—,,—,,—,,—,,—,,—,,—,,—,,—,,—,,—,,—,,—,
  Optum Health,,174,0.141004862236629,214,0.135443037974684,286,0.130832570905764,385,0.131175468483816,1363,0.0360543857792826,541,0.106496062992126,769,0.110108820160367,895,0.111526479750779,718,0.112574474756977,—,,—,,—,,—,,—,,—,,—,,—,,—,,—,,—,,—,,—,,—,,—,
  Uniprise,,289,0.23419773095624,374,0.236708860759494,517,0.236505032021958,610,0.207836456558773,3639,0.0962596550629563,740,0.145669291338583,897,0.128436426116838,—,,—,,—,,—,,—,,—,,—,,—,,—,,—,,—,,—,,—,,—,,—,,—,,—,
  Prescription Solutions,,—,,—,,—,,—,,—,,—,,—,,269,0.0335202492211838,363,0.0569143932267168,—,,—,,—,,—,,—,,—,,—,,—,,—,,—,,—,,—,,—,,—,,—,
  Corporate,,-34,,-14,,—,,0,,—,,0,,0,,-176,,-1115,,0,,0,,0,,0,,0,,0,,0,,0,,0,,0,,0,,0,,—,,—,,—,
  Ingenix,,32,0.0259319286871961,48,0.030379746835443,55,0.02516010978957,75,0.0255536626916525,483,0.0127764257750503,135,0.0265748031496063,190,0.027205040091638,266,0.0331464174454829,229,0.0359046723110693,—,,—,,—,,—,,—,,—,,—,,—,,—,,—,,—,,—,,—,,—,,—,
  Health Care Service,,739,0.598865478119935,944,0.59746835443038,1328,0.607502287282708,1865,0.635434412265758,32319,0.854909533382711,3664,0.721259842519685,5128,0.734249713631157,6595,0.821806853582555,5068,0.794606459705237,—,,—,,—,,—,,—,,—,,—,,—,,—,,—,,—,,—,,—,,—,,—,
Operating Margin,,—,,—,,—,,—,,—,,—,,—,,—,,—,,—,,—,,—,,—,,—,,—,,—,,—,,—,,—,,—,,—,,—,,—,,—,
  Optum,,—,,—,,—,,—,,—,,—,,—,,—,,—,,7.5,,4.8,,4.4,,5.2,,6.5,,6.9,,6.3,,6.7,,7.4,,8.1,,8.3,,—,,—,,7.7,,7,
    Optum Insight,,—,,—,,—,,—,,—,,—,,—,,—,,—,,13.5,,3.6,,14.3,,15.4,,17.6,,19.2,,20.6,,20.6,,21.9,,24.9,,24.9,,—,,—,,24.6,,22.5,
    OptumHealth,,—,,—,,—,,—,,—,,—,,—,,—,,—,,14.2,,11.2,,6.3,,6.6,,9.6,,9.9,,8.9,,8.4,,8.9,,10.1,,9.8,,—,,—,,8.5,,6.9,
    Optum Rx,,—,,—,,—,,—,,—,,—,,—,,—,,—,,4.7,,3.2,,2.4,,2,,3,,3.7,,3.6,,4.4,,4.9,,5.1,,5.3,,—,,—,,4.4,,4.4,
  UnitedHealthcare,,—,,—,,—,,—,,—,,—,,—,,—,,—,,5.8,,7.6,,7.6,,7.4,,6.3,,5.8,,5.1,,6.7,,5.2,,5,,5.3,,—,,—,,5.8,,5.8,
  Optum Health,,—,,—,,—,,—,,—,,—,,—,,18.2,,13.7,,—,,—,,—,,—,,—,,—,,—,,—,,—,,—,,—,,—,,—,,—,,—,
  Prescription Solutions,,—,,—,,—,,—,,—,,—,,—,,2,,2.9,,—,,—,,—,,—,,—,,—,,—,,—,,—,,—,,—,,—,,—,,—,,—,
  Ingenix,,—,,—,,—,,—,,—,,—,,—,,20.4,,14.8,,—,,—,,—,,—,,—,,—,,—,,—,,—,,—,,—,,—,,—,,—,,—,
  Health Care Service,,—,,—,,—,,—,,—,,—,,—,,9.3,,6.7,,—,,—,,—,,—,,—,,—,,—,,—,,—,,—,,—,,—,,—,,—,,—,
Operating Income Growth %,,—,,—,,—,,—,,—,,—,,—,,—,,—,,—,,—,,—,,—,,—,,—,,—,,—,,—,,—,,—,,—,,—,,—,,—,
  UnitedHealthcare,,—,,—,,—,,—,,—,,—,,—,,—,,—,,—,,39,,7,,8,,-7,,-3,,-3,,8,,16,,7,,13,,—,,—,,20,,14,
  Optum,,—,,—,,—,,—,,—,,—,,—,,—,,—,,—,,-26,,12,,14,,59,,30,,30,,32,,19,,23,,14,,—,,—,,17,,13,
    Optum Insight,,—,,—,,—,,—,,—,,—,,—,,—,,—,,—,,-66,,354,,27,,27,,28,,28,,18,,17,,27,,11,,—,,—,,6,,19,
    Optum Rx,,—,,—,,—,,—,,—,,—,,—,,—,,—,,—,,-22,,-14,,-14,,91,,47,,47,,53,,16,,14,,10,,—,,—,,7,,15,
    OptumHealth,,—,,—,,—,,—,,—,,—,,—,,—,,—,,—,,-15,,-17,,33,,76,,14,,14,,15,,28,,33,,22,,—,,—,,35,,9,
  Optum Health,,36,,23,,30,,35,,26,,20,,42,,11,,-20,,-11,,—,,—,,—,,—,,—,,—,,—,,—,,—,,—,,—,,—,,—,,—,
  Uniprise,,30,,29,,26,,18,,11,,18,,21,,—,,—,,—,,—,,—,,—,,—,,—,,—,,—,,—,,—,,—,,—,,—,,—,,—,
  Prescription Solutions,,—,,—,,—,,—,,—,,—,,—,,94,,35,,90,,—,,—,,—,,—,,—,,—,,—,,—,,—,,—,,—,,—,,—,,—,
  Ingenix,,28,,50,,-20,,36,,72,,37,,41,,51,,-14,,7,,—,,—,,—,,—,,—,,—,,—,,—,,—,,—,,—,,—,,—,,—,
  Health Benefits,,28,,28,,36,,40,,51,,36,,40,,13,,-23,,-6,,—,,—,,—,,—,,—,,—,,—,,—,,—,,—,,—,,—,,—,,—,
Pretax Income,,—,,—,,—,,—,,—,,—,,—,,—,,—,,5808,1.0,7383,1.0,7959,1.0,8622,1.0,8915,1.0,9656,1.0,10231,1.0,11863,1.0,14023,1.0,15944,1.0,17981,1.0,—,,—,,26343,1.0,29112,1.0
  UnitedHealthcare,,—,,—,,—,,—,,—,,—,,—,,—,,—,,4833,0.760025161188866,6740,0.85707019328586,7203,0.85101606805293,7687,0.830667819321375,7132,0.741141016315078,6992,0.680552851859062,6754,0.612830051719445,7307,0.565119876256767,8498,0.558748109671905,9113,0.525426660516605,10326,0.524561849123698,—,,—,,14379,0.50567962018639,16415,0.507293405031213
  Optum,,—,,—,,—,,—,,—,,—,,—,,—,,—,,1526,0.239974838811134,1124,0.14292980671414,1261,0.14898393194707,1567,0.169332180678625,2491,0.258858983684922,3282,0.319447148140938,4267,0.387169948280555,5623,0.434880123743233,6711,0.441251890328095,8231,0.474573339483395,9359,0.475438150876302,—,,—,,14056,0.49432037981361,15943,0.492706594968787
    OptumHealth,,—,,—,,—,,—,,—,,—,,—,,—,,—,,599,0.0941972008177386,511,0.0649796541200407,423,0.049976370510397,538,0.0581370218283985,949,0.0986178946274551,1090,0.106093050418532,1240,0.112512476181835,1428,0.110440835266821,1823,0.119863238871721,2430,0.140106088560886,2963,0.150520701041402,—,,—,,6032,0.212132934763496,6560,0.202731936460844
    Optum Rx,,—,,—,,—,,—,,—,,—,,—,,—,,—,,681,0.107092310111653,529,0.0672685656154629,457,0.0539933837429112,373,0.0403068943159715,711,0.0738854826977034,1190,0.115826357796379,1749,0.15869703293712,2682,0.207424593967517,3118,0.205010191334079,3558,0.205142988929889,3902,0.198221996443993,—,,—,,4436,0.156004923509759,5115,0.158075282773966
    Optum Insight,,—,,—,,—,,—,,—,,—,,—,,—,,—,,246,0.0386853278817424,84,0.0106815869786368,381,0.0450141776937618,656,0.0708882645342555,831,0.0863556063597631,1002,0.0975277399260269,1278,0.115960439161601,1513,0.117014694508894,1770,0.116378460122296,2243,0.12932426199262,2494,0.126695453390907,—,,—,,3588,0.126182521540355,4268,0.131899375733976
  Corporate,,—,,—,,—,,—,,—,,—,,—,,—,,—,,-551,,-481,,-505,,-632,,-708,,-618,,-790,,-1067,,-1186,,-1400,,-1704,,—,,—,,-2092,,-3246,
Revenue Growth %,,—,,—,,—,,—,,—,,—,,—,,—,,—,,—,,—,,—,,—,,—,,—,,—,,—,,—,,—,,—,,—,,—,,—,,—,
  Corporate,,—,,—,,—,,—,,—,,—,,—,,—,,—,,—,,—,,22,,0,,27,,26,,13,,13,,13,,12,,10,,—,,—,,19,,34,
  Optum,,—,,—,,—,,—,,—,,—,,—,,—,,—,,—,,16,,21,,3,,25,,25,,42,,24,,9,,11,,12,,—,,—,,37,,24,
    OptumHealth,,—,,—,,—,,—,,—,,—,,—,,—,,—,,—,,8,,47,,22,,21,,12,,26,,21,,22,,17,,26,,—,,—,,32,,34,
    Optum Insight,,—,,—,,—,,—,,—,,—,,—,,—,,—,,—,,28,,14,,8,,11,,11,,19,,18,,10,,11,,11,,—,,—,,20,,30,
    Optum Rx,,—,,—,,—,,—,,—,,—,,—,,—,,—,,—,,16,,15,,-5,,31,,33,,51,,25,,5,,9,,7,,—,,—,,9,,16,
  UnitedHealthcare,,—,,—,,—,,—,,—,,—,,—,,—,,—,,—,,7,,7,,8,,10,,5,,10,,13,,10,,15,,6,,—,,—,,12,,13,
  Optum Health,,34,,29,,20,,24,,22,,22,,42,,13,,6,,6,,—,,—,,—,,—,,—,,—,,—,,—,,—,,—,,—,,—,,—,,—,
  Uniprise,,15,,15,,10,,14,,8,,14,,11,,—,,—,,—,,—,,—,,—,,—,,—,,—,,—,,—,,—,,—,,—,,—,,—,,—,
  Prescription Solutions,,—,,—,,—,,—,,—,,—,,—,,224,,-5,,15,,—,,—,,—,,—,,—,,—,,—,,—,,—,,—,,—,,—,,—,,—,
  Ingenix,,45,,19,,10,,17,,17,,19,,21,,36,,19,,17,,—,,—,,—,,—,,—,,—,,—,,—,,—,,—,,—,,—,,—,,—,
  Health Benefits,,6,,10,,6,,15,,32,,22,,60,,5,,7,,7,,—,,—,,—,,—,,—,,—,,—,,—,,—,,—,,—,,—,,—,,—,
Goodwill,,—,,—,,3363,1.0,3509,1.0,9470,1.0,16238,1.0,16822,1.0,16854,1.0,20088,1.0,20727,1.0,22745,1.0,23975,1.0,31286,1.0,31604,1.0,32940,1.0,44453,1.0,47584,1.0,54556,1.0,58910,1.0,65659,1.0,—,,—,,93352,1.0,103732,1.0
  Optum,,—,,—,,—,,—,,—,,—,,—,,—,,—,,—,,4908,0.215783688722796,6043,0.252054223149114,6827,0.21821261906284,7353,0.2326604227313,8910,0.270491803278689,21528,0.484286774795852,23730,0.498697041022192,30072,0.5512134320698,32510,0.551858767611611,38431,0.585311990740036,—,,—,,65957,0.706540834690205,75854,0.731249758994332
    OptumHealth,,—,,—,,—,,—,,—,,—,,—,,—,,—,,—,,760,0.0334139371290393,2113,0.088133472367049,2818,0.0900722367832257,2860,0.0904948740665738,3834,0.116393442622951,5660,0.127325489843205,6322,0.132859784801614,11488,0.210572622626292,11947,0.202800882702427,15342,0.233661798077948,—,,—,,29238,0.313201645385209,37079,0.357449967223229
    Optum Rx,,—,,—,,—,,—,,—,,—,,—,,—,,—,,—,,840,0.0369311936689382,840,0.035036496350365,840,0.026849069871508,840,0.0265789140615112,840,0.0255009107468124,11572,0.260319888421479,12959,0.272339441829186,12910,0.236637583400543,14791,0.251077915464268,14797,0.225361336602751,—,,—,,19475,0.208618990487617,19468,0.187675934137971
    Optum Insight,,—,,—,,—,,—,,—,,—,,—,,—,,—,,—,,3308,0.145438557924819,3090,0.1288842544317,3169,0.101291312408106,3653,0.115586634603215,4236,0.128597449908925,4296,0.0966413965311678,4449,0.0934978143913921,5674,0.104003226042965,5772,0.097979969444916,8292,0.126288856059337,—,,—,,17244,0.184720198817379,19307,0.186123857633132
  UnitedHealthcare,,—,,—,,—,,—,,—,,—,,—,,—,,—,,—,,17837,0.784216311277204,17932,0.747945776850886,24459,0.78178738093716,24251,0.7673395772687,24030,0.729508196721312,22925,0.515713225204148,23854,0.501302958977808,24484,0.4487865679302,26400,0.448141232388389,27228,0.414688009259964,—,,—,,27395,0.293459165309795,27878,0.268750241005668
  Optum Health,,—,,—,,363,0.107939339875112,409,0.116557423767455,409,0.0431890179514256,732,0.0450794432811923,1054,0.0626560456545001,1080,0.0640797436810253,1152,0.0573476702508961,1158,0.0558691561731075,—,,—,,—,,—,,—,,—,,—,,—,,—,,—,,—,,—,,—,,—,
  Uniprise,,—,,—,,698,0.207552780255724,698,0.198917070390425,903,0.0953537486800422,917,0.0564724719793078,946,0.0562358815836405,—,,—,,—,,—,,—,,—,,—,,—,,—,,—,,—,,—,,—,,—,,—,,—,,—,
  Prescription Solutions,,—,,—,,—,,—,,—,,—,,—,,677,0.0401685059926427,840,0.041816009557945,840,0.0405268490374873,—,,—,,—,,—,,—,,—,,—,,—,,—,,—,,—,,—,,—,,—,
  Ingenix,,—,,—,,609,0.181088314005352,632,0.180108292960958,664,0.0701161562829989,725,0.0446483557088311,826,0.049102365949352,958,0.0568411059689095,1052,0.0523695738749502,1463,0.0705842620736238,—,,—,,—,,—,,—,,—,,—,,—,,—,,—,,—,,—,,—,,—,
  Health Benefits,,—,,—,,1693,0.503419565863812,1770,0.504417212881163,7494,0.791341077085533,13864,0.853799729030669,13996,0.832005706812507,14139,0.838910644357422,17044,0.848466746316209,17266,0.833019732715781,—,,—,,—,,—,,—,,—,,—,,—,,—,,—,,—,,—,,—,,—,
Assets,,11053,1.0,12486,1.0,14164,1.0,17634,1.0,27879,1.0,41288,1.0,48320,1.0,50899,1.0,55815,1.0,59045,1.0,63332,1.0,67889,1.0,80885,1.0,81882,1.0,86382,1.0,111254,1.0,122810,1.0,139058,1.0,152221,1.0,173889,1.0,—,,—,,245705,1.0,273720,1.0
  Optum,,—,,—,,—,,—,,—,,—,,—,,—,,—,,9057,0.153568340200417,12419,0.196093601970568,15567,0.228305345750532,17999,0.222292206990243,20607,0.249633550981841,24734,0.283845350531909,49779,0.436692370450299,56739,0.445907076168621,67755,0.469116740865881,74788,0.474164056655212,91971,0.510323436225523,—,,—,,147516,0.579380228584895,174871,0.611834969595611
    OptumHealth,,—,,—,,—,,—,,—,,—,,—,,—,,—,,3190,0.0540888821065839,3897,0.0615328743763027,6756,0.0990833761091149,8198,0.101247375571199,9244,0.111981974342512,11148,0.12793353148418,14600,0.128080287040205,18656,0.146615950457389,26931,0.186462739993492,29837,0.189169826154217,40444,0.224413359153484,—,,—,,68950,0.270806331251718,89432,0.312902796923874
    Optum Rx,,—,,—,,—,,—,,—,,—,,—,,—,,—,,3092,0.0524272173898299,3087,0.048743131434346,3503,0.0513749358363276,3434,0.0424107694207731,4483,0.0543071387902943,5474,0.0628191739634377,26844,0.235492275705977,29066,0.228427273584609,29551,0.204602889961296,33912,0.215005769499005,36346,0.201674610616965,—,,—,,47476,0.186465574800676,51266,0.179368400428251
    Optum Insight,,—,,—,,—,,—,,—,,—,,—,,—,,—,,2775,0.0470522407040032,5435,0.0858175961599192,5308,0.0778470338050891,6367,0.078634061998271,6880,0.0833444378490351,8112,0.0930926450842906,8335,0.073119807704117,9017,0.0708638521266229,11273,0.0780511109110925,11039,0.0699884610019908,15181,0.0842354664550746,—,,—,,31090,0.122108322532501,34173,0.119563772243487
  UnitedHealthcare,,—,,—,,—,,—,,—,,—,,—,,—,,—,,49920,0.846431659799583,50913,0.803906398029432,52618,0.771694654249468,62971,0.777707793009757,61942,0.750366449018159,62405,0.716154649468091,64212,0.563307629549701,70505,0.554092923831379,76676,0.530883259134119,82938,0.525835943344788,88250,0.489676563774477,—,,—,,107094,0.420619771415105,110943,0.388165030404389
  Corporate,,-133,,200,,-537,,-366,,-879,,-841,,1588,,-174,,803,,68,,—,,-296,,-85,,-667,,-757,,-2737,,-4434,,-5373,,-5505,,-6332,,—,,—,,-8905,,-12094,
  Adjustment,,235,,-84,,389,,269,,378,,650,,561,,—,,—,,—,,—,,—,,—,,—,,—,,—,,—,,—,,—,,—,,—,,—,,—,,—,
  Optum Health,,525,0.0479408273217058,848,0.0685529506871463,974,0.0680547792062605,1191,0.067170492358017,1268,0.0446793516560958,2175,0.0524361725210347,2641,0.0572004071819973,3714,0.0727194408004229,4195,0.0762560895804552,—,,—,,—,,—,,—,,—,,—,,—,,—,,—,,—,,—,,—,,—,,—,
  Uniprise,,1578,0.144096429549813,1737,0.140420371867421,1914,0.133733929569592,2024,0.114150358129829,2364,0.0832980972515856,2598,0.062634104004436,3133,0.0678564466873146,—,,—,,—,,—,,—,,—,,—,,—,,—,,—,,—,,—,,—,,—,,—,,—,,—,
  Prescription Solutions,,—,,—,,—,,—,,—,,—,,—,,2420,0.0473831574413095,2603,0.0473169490293027,—,,—,,—,,—,,—,,—,,—,,—,,—,,—,,—,,—,,—,,—,,—,
  Ingenix,,730,0.0666605789425623,771,0.0623282134195635,902,0.0630240357741755,919,0.0518301280243641,971,0.0342142353770261,1063,0.0256274259263724,1279,0.0277013709904485,1596,0.0312493881307149,1755,0.0319021304442667,—,,—,,—,,—,,—,,—,,—,,—,,—,,—,,—,,—,,—,,—,,—,
  Health Care Service,,8118,0.741302164185919,9014,0.728698464025869,10522,0.735187255449972,13597,0.76684902148779,23777,0.837808315715292,35643,0.859302297548157,39118,0.84724177514024,43343,0.848648013627553,46459,0.844524830945975,—,,—,,—,,—,,—,,—,,—,,—,,—,,—,,—,,—,,—,,—,,—,
Operating Income Change Amount,,—,,—,,—,,—,,—,,—,,—,,865,1.0,-2586,,1096,1.0,1505,1.0,600,1.0,790,1.0,369,1.0,651,1.0,747,1.0,1909,1.0,2279,1.0,2135,1.0,2341,1.0,—,,—,,4465,1.0,3923,1.0
  UnitedHealthcare,,—,,—,,—,,—,,—,,—,,—,,—,,—,,—,,1907,1.26710963455149,463,0.771666666666667,612,0.774683544303797,-555,-1.50406504065041,-140,-0.21505376344086,-238,-0.318607764390897,553,0.289680460974332,1191,0.52259763053971,615,0.288056206088993,1213,0.518154634771465,—,,—,,2404,0.538409854423292,2036,0.518990568442518
  Optum,,—,,—,,—,,—,,—,,—,,—,,—,,—,,—,,-402,-0.267109634551495,137,0.228333333333333,178,0.225316455696203,924,2.50406504065041,791,1.21505376344086,985,1.3186077643909,1356,0.710319539025668,1088,0.47740236946029,1520,0.711943793911007,1128,0.481845365228535,—,,—,,2061,0.461590145576708,1887,0.481009431557481
    Optum Insight,,—,,—,,—,,—,,—,,—,,—,,—,,—,,—,,-162,-0.107641196013289,297,0.495,104,0.131645569620253,175,0.474254742547426,171,0.262672811059908,276,0.369477911646586,235,0.123101100052383,257,0.112768758227293,473,0.221545667447307,251,0.107219137120889,—,,—,,190,0.0425531914893617,680,0.173336732092786
    Optum Rx,,—,,—,,—,,—,,—,,—,,—,,—,,—,,—,,-152,-0.100996677740864,-72,-0.12,-64,-0.0810126582278481,338,0.915989159891599,479,0.7357910906298,559,0.748326639892905,933,0.488737558931378,436,0.191311978938131,440,0.206088992974239,344,0.146945749679624,—,,—,,301,0.0674132138857783,679,0.173081825133826
    OptumHealth,,—,,—,,—,,—,,—,,—,,—,,—,,—,,—,,-88,-0.0584717607973422,-88,-0.146666666666667,138,0.174683544303797,411,1.11382113821138,141,0.216589861751152,150,0.200803212851406,188,0.0984808800419068,395,0.173321632294866,607,0.284309133489461,533,0.227680478428022,—,,—,,1570,0.351623740201568,528,0.134590874330869
  Optum Health,,—,,—,,—,,—,,—,,—,,—,,86,0.0826128722382325,-177,0.107468123861566,-82,4.31578947368421,—,,—,,—,,—,,—,,—,,—,,—,,—,,—,,—,,—,,—,,—,
  Prescription Solutions,,—,,—,,—,,—,,—,,—,,—,,130,0.124879923150817,94,-0.0570734669095325,326,-17.1578947368421,—,,—,,—,,—,,—,,—,,—,,—,,—,,—,,—,,—,,—,,—,
  Corporate,,—,,—,,—,,—,,—,,—,,—,,-176,,-939,,1115,,—,,—,,—,,—,,—,,—,,—,,—,,—,,—,,—,,—,,—,,—,
  Ingenix,,—,,—,,—,,—,,—,,—,,—,,90,0.0864553314121038,-37,0.0224650880388585,17,-0.894736842105263,—,,—,,—,,—,,—,,—,,—,,—,,—,,—,,—,,—,,—,,—,
  Health Benefits,,—,,—,,—,,—,,—,,—,,—,,735,0.706051873198847,-1527,0.927140255009107,-280,14.7368421052632,—,,—,,—,,—,,—,,—,,—,,—,,—,,—,,—,,—,,—,,—,
Depreciation and Amortization,,247,1.0,265,1.0,255,1.0,299,1.0,374,1.0,453,1.0,670,1.0,796,1.0,981,1.0,991,1.0,1064,1.0,1124,1.0,1309,1.0,1375,1.0,1478,1.0,1693,1.0,2055,1.0,2245,1.0,2428,1.0,2720,1.0,—,,—,,3400,1.0,3972,1.0
  Optum,,—,,—,,—,,—,,—,,—,,—,,—,,—,,312,0.314833501513623,339,0.318609022556391,444,0.395017793594306,674,0.514896867838044,609,0.442909090909091,706,0.477672530446549,975,0.575900767867691,1331,0.647688564476886,1487,0.662360801781737,1583,0.651976935749588,1794,0.659558823529412,—,,—,,2427,0.713823529411765,2983,0.751007049345418
    Optum Insight,,—,,—,,—,,—,,—,,—,,—,,—,,—,,128,0.129162462159435,159,0.149436090225564,195,0.173487544483986,411,0.313980137509549,359,0.261090909090909,433,0.292963464140731,492,0.29060838747785,559,0.272019464720195,614,0.273496659242762,654,0.269357495881384,672,0.247058823529412,—,,—,,841,0.247352941176471,1229,0.309415911379658
    OptumHealth,,—,,—,,—,,—,,—,,—,,—,,—,,—,,105,0.105953582240161,100,0.093984962406015,154,0.137010676156584,164,0.125286478227655,158,0.114909090909091,179,0.121109607577808,251,0.148257531010041,297,0.144525547445255,380,0.169265033407572,439,0.180807248764415,565,0.207720588235294,—,,—,,943,0.277352941176471,1058,0.266364551863041
    Optum Rx,,—,,—,,—,,—,,—,,—,,—,,—,,—,,79,0.0797174571140262,80,0.075187969924812,95,0.0845195729537366,99,0.0756302521008403,92,0.0669090909090909,94,0.0635994587280108,232,0.137034849379799,475,0.231143552311436,493,0.219599109131403,490,0.201812191103789,557,0.204779411764706,—,,—,,643,0.189117647058824,696,0.175226586102719
  UnitedHealthcare,,—,,—,,—,,—,,—,,—,,—,,—,,—,,679,0.685166498486377,725,0.681390977443609,680,0.604982206405694,635,0.485103132161956,766,0.557090909090909,772,0.522327469553451,718,0.424099232132309,724,0.352311435523114,758,0.337639198218263,845,0.348023064250412,926,0.340441176470588,—,,—,,973,0.286176470588235,989,0.248992950654582
  Corporate,,0,,0,,—,,0,,0,,0,,0,,0,,0,,0,,0,,0,,0,,0,,0,,0,,0,,0,,0,,—,,—,,—,,0,,0,
  Optum Health,,25,0.101214574898785,33,0.124528301886792,36,0.141176470588235,40,0.133779264214047,44,0.117647058823529,54,0.119205298013245,83,0.123880597014925,111,0.139447236180905,120,0.122324159021407,—,,—,,—,,—,,—,,—,,—,,—,,—,,—,,—,,—,,—,,—,,—,
  Uniprise,,75,0.303643724696356,81,0.305660377358491,69,0.270588235294118,86,0.287625418060201,95,0.254010695187166,110,0.242825607064018,145,0.216417910447761,—,,—,,—,,—,,—,,—,,—,,—,,—,,—,,—,,—,,—,,—,,—,,—,,—,
  Prescription Solutions,,—,,—,,—,,—,,—,,—,,—,,45,0.0565326633165829,65,0.0662589194699287,—,,—,,—,,—,,—,,—,,—,,—,,—,,—,,—,,—,,—,,—,,—,
  Ingenix,,47,0.190283400809717,50,0.188679245283019,48,0.188235294117647,57,0.190635451505017,62,0.165775401069519,62,0.136865342163355,68,0.101492537313433,81,0.101758793969849,105,0.107033639143731,—,,—,,—,,—,,—,,—,,—,,—,,—,,—,,—,,—,,—,,—,,—,
  Health Care Service,,100,0.404858299595142,101,0.381132075471698,102,0.4,116,0.387959866220736,173,0.462566844919786,227,0.501103752759382,374,0.558208955223881,559,0.702261306532663,691,0.704383282364934,—,,—,,—,,—,,—,,—,,—,,—,,—,,—,,—,,—,,—,,—,,—,
Capital Expenditures,,-245,,-425,,-419,,-352,,-356,,-509,,-728,,-871,,-791,,-739,,-878,,-1067,,-1070,,-1307,,-1525,,-1556,,-1705,,-2023,,-2063,,-2071,,—,,—,,-2802,,-3386,
  Corporate,,0,,—,,—,,0,,0,,0,,0,,0,,0,,0,,0,,0,,0,,0,,0,,0,,0,,0,,0,,0,,—,,—,,0,,0,
  UnitedHealthcare,,—,,—,,—,,—,,—,,—,,—,,—,,—,,-482,0.652232746955345,-525,0.597949886104784,-635,0.595126522961575,-382,0.357009345794393,-670,0.512624330527927,-773,0.506885245901639,-653,0.419665809768638,-640,0.375366568914956,-737,0.364310430054375,-761,0.368880271449346,-841,0.406084017382907,—,,—,,-799,0.285153461812991,-866,0.255759007678677
  Optum,,—,,—,,—,,—,,—,,—,,—,,—,,—,,-257,0.347767253044655,-353,0.402050113895216,-432,0.404873477038425,-688,0.642990654205608,-637,0.487375669472073,-752,0.493114754098361,-903,0.580334190231362,-1065,0.624633431085044,-1286,0.635689569945625,-1302,0.631119728550654,-1230,0.593915982617093,—,,—,,-2003,0.714846538187009,-2520,0.744240992321323
    Optum Rx,,—,,—,,—,,—,,—,,—,,—,,—,,—,,-57,0.0771312584573748,-80,0.0911161731207289,-89,0.0834114339268978,-116,0.108411214953271,-89,0.0680948737566947,-56,0.0367213114754098,-79,0.0507712082262211,-149,0.0873900293255132,-188,0.0929312901631241,-192,0.0930683470673776,-162,0.0782230806373733,—,,—,,-308,0.109921484653819,-347,0.102480803307738
    Optum Insight,,—,,—,,—,,—,,—,,—,,—,,—,,—,,-129,0.174560216508796,-156,0.177676537585421,-175,0.164011246485473,-409,0.382242990654206,-363,0.277735271614384,-484,0.317377049180328,-572,0.367609254498715,-571,0.334897360703812,-588,0.290657439446367,-517,0.250605913717887,-495,0.239014968614196,—,,—,,-698,0.249107780157031,-974,0.287655050206734
    OptumHealth,,—,,—,,—,,—,,—,,—,,—,,—,,—,,-71,0.0960757780784844,-117,0.133257403189066,-168,0.157450796626054,-163,0.152336448598131,-185,0.141545524100995,-212,0.139016393442623,-252,0.161953727506427,-345,0.202346041055718,-510,0.252100840336134,-593,0.28744546776539,-573,0.276677933365524,—,,—,,-997,0.35581727337616,-1199,0.354105138806852
  Optum Health,,-28,0.114285714285714,-33,0.0776470588235294,-59,0.140811455847255,-48,0.136363636363636,-62,0.174157303370787,-88,0.172888015717092,-106,0.145604395604396,-108,0.123995407577497,-100,0.126422250316056,—,,—,,—,,—,,—,,—,,—,,—,,—,,—,,—,,—,,—,,—,,—,
  Uniprise,,-94,0.383673469387755,-171,0.402352941176471,-159,0.379474940334129,-130,0.369318181818182,-112,0.314606741573034,-134,0.263261296660118,-163,0.223901098901099,—,,—,,—,,—,,—,,—,,—,,—,,—,,—,,—,,—,,—,,—,,—,,—,,—,
  Prescription Solutions,,—,,—,,—,,—,,—,,—,,—,,-19,0.0218140068886338,-57,0.0720606826801517,—,,—,,—,,—,,—,,—,,—,,—,,—,,—,,—,,—,,—,,—,,—,
  Ingenix,,-35,0.142857142857143,-69,0.162352941176471,-72,0.171837708830549,-52,0.147727272727273,-35,0.098314606741573,-49,0.0962671905697446,-85,0.116758241758242,-121,0.138920780711825,-112,0.141592920353982,—,,—,,—,,—,,—,,—,,—,,—,,—,,—,,—,,—,,—,,—,,—,
  Health Care Service,,-88,0.359183673469388,-152,0.357647058823529,-129,0.307875894988067,-122,0.346590909090909,-147,0.412921348314607,-238,0.467583497053045,-374,0.513736263736264,-623,0.715269804822044,-522,0.65992414664981,—,,—,,—,,—,,—,,—,,—,,—,,—,,—,,—,,—,,—,,—,,—,
Source: Bloomberg,,,,,,,,,,,,,,,,,,,,,,,,,,,,,,,,,,,,,,,,,,,,,,,,,
