Unnamed: 0,Unnamed: 1,Unnamed: 2,Unnamed: 3,Unnamed: 4,Unnamed: 5,Unnamed: 6,Unnamed: 7,Unnamed: 8,Unnamed: 9,Unnamed: 10,Unnamed: 11,Unnamed: 12,Unnamed: 13,Unnamed: 14,Unnamed: 15,Unnamed: 16,Unnamed: 17,Unnamed: 18,Unnamed: 19,Unnamed: 20,Unnamed: 21,Unnamed: 22,Unnamed: 23,Unnamed: 24,Unnamed: 25,Unnamed: 26,Unnamed: 27,Unnamed: 28,Unnamed: 29,Unnamed: 30,Unnamed: 31,Unnamed: 32,Unnamed: 33,Unnamed: 34,Unnamed: 35,Unnamed: 36,Unnamed: 37,Unnamed: 38,Unnamed: 39,Unnamed: 40,Unnamed: 41,Unnamed: 42,Unnamed: 43,Unnamed: 44,Unnamed: 45,Unnamed: 46,Unnamed: 47,Unnamed: 48,Unnamed: 49,Unnamed: 50,Unnamed: 51,Unnamed: 52,Unnamed: 53,Unnamed: 54,Unnamed: 55,Unnamed: 56,Unnamed: 57,Unnamed: 58,Unnamed: 59,Unnamed: 60,Unnamed: 61,Unnamed: 62,Unnamed: 63,Unnamed: 64,Unnamed: 65,Unnamed: 66,Unnamed: 67,Unnamed: 68,Unnamed: 69,Unnamed: 70,Unnamed: 71,Unnamed: 72,Unnamed: 73,Unnamed: 74,Unnamed: 75,Unnamed: 76,Unnamed: 77,Unnamed: 78,Unnamed: 79,Unnamed: 80,Unnamed: 81
Netflix Inc (NFLX US) - By Measure,,,,,,,,,,,,,,,,,,,,,,,,,,,,,,,,,,,,,,,,,,,,,,,,,,,,,,,,,,,,,,,,,,,,,,,,,,,,,,,,,
,,,,,,,,,,,,,,,,,,,,,,,,,,,,,,,,,,,,,,,,,,,,,,,,,,,,,,,,,,,,,,,,,,,,,,,,,,,,,,,,,
date,,Q4 2014,,Q1 2015,,Q2 2015,,Q3 2015,,Q4 2015,,Q1 2016,,Q2 2016,,Q3 2016,,Q4 2016,,Q1 2017,,Q2 2017,,Q3 2017,,Q4 2017,,Q1 2018,,Q2 2018,,Q3 2018,,Q4 2018,,Q1 2019,,Q2 2019,,Q3 2019,,Q4 2019,,Q1 2020,,Q2 2020,,Q3 2020,,Q4 2020,,Q1 2021,,Q2 2021,,Q3 2021,,Q4 2021,,Q1 2022,,Q2 2022,,Q3 2022,,Q4 2022,,Q1 2023,,Q2 2023,,Q3 2023,,Q4 2023,,Q1 2024,,Q2 2024,,Q3 2024,
date,,12/31/2014,,03/31/2015,,06/30/2015,,09/30/2015,,12/31/2015,,03/31/2016,,06/30/2016,,09/30/2016,,12/31/2016,,03/31/2017,,06/30/2017,,09/30/2017,,12/31/2017,,03/31/2018,,06/30/2018,,09/30/2018,,12/31/2018,,03/31/2019,,06/30/2019,,09/30/2019,,12/31/2019,,03/31/2020,,06/30/2020,,09/30/2020,,12/31/2020,,03/31/2021,,06/30/2021,,09/30/2021,,12/31/2021,,03/31/2022,,06/30/2022,,09/30/2022,,12/31/2022,,03/31/2023,,06/30/2023,,09/30/2023,,12/31/2023,,03/31/2024,,06/30/2024,,09/30/2024,
Revenue,,1484.7,1.0,1573.129,1.0,1644.694,1.0,1738.355,1.0,1823.333,1.0,1957.736,1.0,2105.204,1.0,2290.188,1.0,2477.541,1.0,2636.635,1.0,2785.464,1.0,2984.859,1.0,3285.755,1.0,3700.856,1.0,3907.27,1.0,3999.374,1.0,4186.841,1.0,4520.992,1.0,4923.116,1.0,5244.905,1.0,5467.434,1.0,5767.691,1.0,6148.286,1.0,6435.637,1.0,6699.09,1.0,7163.282,1.0,7341.777,1.0,7483.467,1.0,7709.318,1.0,7867.767,1.0,7970.141,1.0,7925.589,1.0,7852.053,1.0,8161.503,1.0,8187.301,1.0,8541.668,1.0,8832.825,1.0,9370.44,1.0,9559.31,1.0,9824.703,1.0
  Streaming,,1305.2,0.879100154913451,1399.929,0.889900955357126,1480.676,0.900274458349091,1580.831,0.909383296277228,1672.338,0.917187370600982,1812.989,0.92606408627108,1966.472,0.934100448222595,2157.813,0.942199068373426,2351.128,0.948976424608109,2516.241,0.954338010380656,2670.727,0.958808658090717,2874.645,0.963075642769055,3180.603,0.96799761394261,3602.105,0.973316713754872,3814.366,0.976222784706457,3910.597,0.977802276056203,4101.684,0.979660799156213,4440.304,0.982152589520176,4846.916,0.984521997856642,5173.028,0.986295843299354,5398.982,0.987480050056389,5703.363,0.988846836628384,6086.715,0.989985664297334,6376.803,0.990858092213716,6644.442,0.991842474127083,7113.707,0.993079289632881,7295.485,0.99369471450849,7439.235,0.99408937060857,7667.069,0.994519748698912,7827.957,0.994940114520422,7933.051,0.995346380948593,7890.361,0.995555156847018,7818.483,0.995724684996395,8130.001,0.996140171730624,8158.326,0.996460982685259,8519.306,0.997382010164759,8832.825,1.0,9370.44,1.0,9559.31,1.0,9824.703,1.0
    International,,387.8,0.261197548326261,415.397,0.264057810897898,454.763,0.276503106352914,516.87,0.297332823272577,566.405,0.310642652768309,651.748,0.332909033700152,758.201,0.36015559537223,853.48,0.372668095370336,947.666,0.382502650813851,1046.199,0.396793261107434,1165.228,0.418324559211679,1327.435,0.444722849555038,1550.329,0.471833414238128,1782.086,0.481533461447838,1921.144,0.491684475349797,1973.283,0.493397966781801,2105.592,0.50290708436265,—,,—,,2760.43,0.526306958848635,—,,—,,—,,—,,—,,—,,—,,—,,—,,—,,—,,—,,—,,—,,—,,—,,—,,—,,—,,—,
    Domestic,,917.4,0.617902606587189,984.532,0.625843144459227,1025.913,0.623771351996177,1063.961,0.612050473004651,1105.933,0.606544717832672,1161.241,0.593155052570929,1208.271,0.573944852850365,1304.333,0.56953097300309,1403.462,0.566473773794258,1470.042,0.557544749273221,1505.499,0.540484098879038,1547.21,0.518352793214018,1630.274,0.496164199704482,1820.019,0.491783252307034,1893.222,0.484538309356661,1937.314,0.484404309274401,1996.092,0.476753714793564,—,,—,,2412.598,0.459988884450719,—,,—,,—,,—,,—,,—,,—,,—,,—,,—,,—,,—,,—,,—,,—,,—,,—,,—,,—,,—,
  DVD,,179.5,0.120899845086549,173.2,0.110099044642874,164.018,0.0997255416509089,157.524,0.0906167037227724,150.995,0.0828126293990182,144.747,0.0739359137289195,138.732,0.0658995517774049,132.375,0.0578009316265739,126.413,0.0510235753918906,120.394,0.0456619896193444,114.737,0.0411913419092833,110.214,0.0369243572309446,105.152,0.0320023860573902,98.751,0.0266832862451282,92.904,0.0237772152935425,88.777,0.0221977239437972,85.157,0.0203392008437865,80.688,0.0178474104798239,76.2,0.015478002143358,71.877,0.0137041567006457,68.452,0.0125199499436116,64.328,0.0111531633716161,61.571,0.0100143357026658,58.834,0.00914190778628441,54.648,0.00815752587291707,49.575,0.00692071036711943,46.292,0.00630528549150975,44.232,0.00591062939143047,42.249,0.00548025130108785,39.81,0.00505988547957762,37.09,0.004653619051407,35.228,0.00444484315298207,33.57,0.00427531500360479,31.502,0.00385982826937636,28.975,0.00353901731474145,22.362,0.00261798983524061,0,,0,,0,,0,
Cost of Revenue,,1014.332,1.0,1046.401,1.0,1121.752,1.0,1173.958,1.0,1249.365,1.0,1369.54,1.0,1473.098,1.0,1532.844,1.0,1654.419,1.0,1657.024,1.0,1902.308,1.0,1992.98,1.0,2214.334,1.0,2196.075,1.0,2402.431,1.0,2531.128,1.0,2733.4,1.0,2870.614,1.0,3005.657,1.0,3097.919,1.0,—,,—,,—,,—,,—,,—,,—,,—,,—,,—,,—,,—,,—,,—,,—,,—,,—,,—,,—,,—,
  DVD,,90.928,0.0896432331820351,88.594,0.0846654389665147,86.095,0.0767504760410501,77.793,0.0662655733850785,71.426,0.0571698422798782,73.095,0.0533719351022971,67.83,0.0460458163679538,63.671,0.0415378212003309,58.146,0.0351458729620489,60.219,0.0363416582982504,52.734,0.0277210630455215,47.087,0.023626428764965,42.485,0.0191863558072088,42.393,0.0193039855196202,39.924,0.0166181671814924,37.101,0.0146578916593708,33.679,0.0123212848467111,33.958,0.0118295249727062,30.347,0.0100966277921932,27.793,0.00897150635636374,—,,—,,—,,—,,—,,—,,—,,—,,—,,—,,—,,—,,—,,—,,—,,—,,—,,—,,—,,—,
  Streaming,,923.404,0.910356766817965,957.807,0.915334561033485,1035.657,0.92324952395895,1096.165,0.933734426614921,1177.939,0.942830157720122,1296.445,0.946628064897703,1405.268,0.953954183632046,1469.173,0.958462178799669,1596.273,0.964854127037951,1596.805,0.96365834170175,1849.574,0.972278936954478,1945.893,0.976373571235035,2171.849,0.980813644192791,2153.682,0.98069601448038,2362.507,0.983381832818508,2494.027,0.985342108340629,2699.721,0.987678715153289,2836.656,0.988170475027294,2975.31,0.989903372207807,3070.126,0.991028493643636,—,,—,,—,,—,,—,,—,,—,,—,,—,,—,,—,,—,,—,,—,,—,,—,,—,,—,,—,,—,
    International,,350.211,0.345262695054479,375.278,0.358636889681871,422.966,0.377058387237108,451.251,0.38438427950574,530.88,0.424919859288519,629.899,0.459934722607591,698.162,0.473941312797927,748.515,0.48831779359152,834.794,0.504584388839828,847.317,0.511348658800355,1017.612,0.534935457349704,1081.485,0.542647191642666,1255.749,0.567100085172336,1258.809,0.57320856528124,1392.512,0.57962622027438,1455.554,0.575061395551707,1606.275,0.587647252506036,1697.121,0.591204878120151,1778.89,0.59184730659553,1860.021,0.600409823497645,—,,—,,—,,—,,—,,—,,—,,—,,—,,—,,—,,—,,—,,—,,—,,—,,—,,—,,—,,—,
    Domestic,,573.193,0.565094071763486,582.529,0.556697671351614,612.691,0.546191136721842,644.914,0.549350147109181,647.059,0.517910298431603,666.546,0.486693342290112,707.106,0.48001287083412,720.658,0.470144385208149,761.479,0.460269738198123,749.488,0.452309682901394,831.962,0.437343479604775,864.408,0.433726379592369,916.1,0.413713559020455,894.873,0.407487449199139,969.995,0.403755612544127,1038.473,0.410280712788923,1093.446,0.400031462647252,1139.535,0.396965596907143,1196.42,0.398056065612277,1210.105,0.390618670145991,—,,—,,—,,—,,—,,—,,—,,—,,—,,—,,—,,—,,—,,—,,—,,—,,—,,—,,—,,—,
Cost of Revenue Growth Amount,,—,,177.215,1.0,206.904,1.0,219.564,1.0,235.033,1.0,323.139,1.0,351.346,1.0,358.886,1.0,405.054,1.0,287.484,1.0,429.21,1.0,460.136,1.0,452.935,1.0,539.051,1.0,320.057,1.0,419.366,1.0,626.046,1.0,570.035,1.0,603.226,1.0,566.791,1.0,—,,—,,—,,—,,—,,—,,—,,—,,—,,—,,—,,—,,—,,—,,—,,—,,—,,—,,—,,—,
  DVD,,—,,-18.231,-0.102875038794684,-15.833,-0.076523411823841,-19.408,-0.0883933613889344,-19.502,-0.0829755821522935,-15.499,-0.0479638793212828,-18.265,-0.0519857917835979,-14.122,-0.0393495427517373,-13.28,-0.032785752023187,-12.876,-0.0447885795383395,-15.096,-0.0351715943244566,-16.584,-0.0360415181598484,-15.661,-0.0345767052667601,-17.826,-0.0330692272159777,-12.81,-0.0400241207034997,-9.986,-0.0238121354616254,-8.806,-0.0140660590435847,-8.435,-0.0147973370056225,-9.577,-0.0158763050664262,-9.308,-0.0164222791117008,—,,—,,—,,—,,—,,—,,—,,—,,—,,—,,—,,—,,—,,—,,—,,—,,—,,—,,—,,—,
  Streaming,,—,,195.446,1.10287503879468,222.737,1.07652341182384,238.972,1.08839336138893,254.535,1.08297558215229,338.638,1.04796387932128,369.611,1.0519857917836,373.008,1.03934954275174,418.334,1.03278575202319,300.36,1.04478857953834,444.306,1.03517159432446,476.72,1.03604151815985,468.596,1.03457670526676,556.877,1.03306922721598,332.867,1.0400241207035,429.352,1.02381213546163,634.852,1.01406605904358,578.47,1.01479733700562,612.803,1.01587630506643,576.099,1.0164222791117,—,,—,,—,,—,,—,,—,,—,,—,,—,,—,,—,,—,,—,,—,,—,,—,,—,,—,,—,,—,
    International,,—,,130.011,0.733634286036735,156.269,0.7552729768395,159.309,0.725569765535334,180.669,0.768696310730834,254.621,0.787961217927889,275.196,0.783262083530195,297.264,0.828296450683504,303.914,0.750304897618589,217.418,0.756278610287877,319.45,0.744274364530183,332.97,0.72363388215658,356.703,0.787536843034873,411.492,0.763363763354488,239.126,0.747135666459412,301.937,0.719984452721489,414.778,0.662535979784233,375.415,0.658582367749349,386.378,0.640519473630115,404.467,0.713608719969089,—,,—,,—,,—,,—,,—,,—,,—,,—,,—,,—,,—,,—,,—,,—,,—,,—,,—,,—,,—,
    Domestic,,—,,65.435,0.369240752757949,66.468,0.321250434984341,79.663,0.362823595853601,73.866,0.31427927142146,84.017,0.260002661393394,94.415,0.268723708253403,75.744,0.211053092068233,114.42,0.282480854404598,82.942,0.288509969250463,124.856,0.290897229794273,143.75,0.312407636003269,111.893,0.247039862231888,145.385,0.26970546386149,93.741,0.292888454244088,127.415,0.303827682740136,220.074,0.351530079259352,203.055,0.356214969256274,226.425,0.375356831436311,171.632,0.302813559142612,—,,—,,—,,—,,—,,—,,—,,—,,—,,—,,—,,—,,—,,—,,—,,—,,—,,—,,—,,—,
Revenue Growth %,,—,,—,,—,,—,,—,,—,,—,,—,,—,,—,,—,,—,,—,,—,,—,,—,,—,,—,,—,,—,,—,,—,,—,,—,,—,,—,,—,,—,,—,,—,,—,,—,,—,,—,,—,,—,,—,,—,,—,,—,
  Streaming,,—,,—,,—,,—,,—,,—,,—,,—,,—,,—,,—,,—,,—,,—,,—,,—,,29,,—,,—,,—,,32,,28,,26,,23,,22,,25,,20,,17,,—,,10,,9,,6,,—,,4,,3,,8,,12.5,,15,,17,,15,
    International,,—,,56,,48,,50,,—,,57,,67,,65,,—,,61,,54,,56,,64,,70,,65,,49,,36,,33,,33,,40,,40,,—,,—,,—,,—,,—,,—,,—,,—,,—,,—,,—,,—,,—,,—,,—,,—,,—,,—,,—,
    Domestic,,—,,23,,22,,21,,—,,18,,18,,23,,—,,27,,25,,19,,16,,24,,26,,25,,18,,14,,21,,25,,14,,—,,—,,—,,—,,—,,—,,—,,—,,—,,—,,—,,—,,—,,—,,—,,—,,—,,—,,—,
  DVD,,—,,-15,,-16,,-16,,—,,-16,,-15,,-16,,—,,-17,,-17,,-17,,-17,,-18,,-19,,-19,,-19,,-18,,-18,,-19,,-19,,-20,,-19,,-18,,-20,,-23,,-25,,-25,,—,,-20,,-20,,-20,,—,,-21,,-22,,-37,,-100,,-100,,-100,,-100,
Cost of Revenue Growth %,,—,,—,,—,,—,,—,,—,,—,,—,,—,,—,,—,,—,,—,,—,,—,,—,,—,,—,,—,,—,,—,,—,,—,,—,,—,,—,,—,,—,,—,,—,,—,,—,,—,,—,,—,,—,,—,,—,,—,,—,
  DVD,,-12,,-17,,-16,,-20,,—,,-17,,-21,,-18,,-19,,-18,,-22,,-26,,-26,,-30,,-24,,-21,,-20,,-20,,-24,,-25,,-90,,—,,—,,—,,—,,—,,—,,—,,—,,—,,—,,—,,—,,—,,—,,—,,—,,—,,—,,—,
  Streaming,,—,,—,,—,,—,,—,,—,,—,,—,,—,,—,,—,,—,,29,,—,,—,,—,,24,,—,,—,,—,,27,,—,,—,,—,,—,,—,,—,,—,,—,,—,,—,,—,,—,,—,,—,,—,,—,,—,,—,,—,
    International,,58,,53,,59,,55,,—,,68,,65,,66,,57,,35,,46,,44,,43,,49,,30,,28,,28,,28,,28,,28,,9,,—,,—,,—,,—,,—,,—,,—,,—,,—,,—,,—,,—,,—,,—,,—,,—,,—,,—,,—,
    Domestic,,15,,13,,12,,14,,—,,14,,15,,12,,18,,12,,18,,20,,15,,19,,11,,15,,19,,22,,23,,17,,13,,—,,—,,—,,—,,—,,—,,—,,—,,—,,—,,—,,—,,—,,—,,—,,—,,—,,—,,—,
Property/Plant/Equipment,,149.875,1.0,145.816,1.0,171.396,1.0,181.268,1.0,173.412,1.0,166.254,1.0,162.864,1.0,191.876,1.0,250.395,1.0,275.083,1.0,309.831,1.0,322.421,1.0,319.404,1.0,341.932,1.0,349.646,1.0,371.152,1.0,418.281,1.0,1246.166,1.0,1460.69,1.0,1513.314,1.0,2097.506,1.0,2152.775,1.0,2563.863,1.0,2766.953,1.0,2997.909,1.0,3023.148,1.0,3770.026,1.0,3469.572,1.0,3770.026,1.0,3867.541,1.0,3703.342,1.0,3584.261,1.0,3625.379,1.0,3588.114,1.0,3659.7,1.0,3622.892,1.0,3568.343,1.0,3660.493,1.0,3734.219,1.0,3782.67,1.0
  Streaming,,149.875,1.0,145.816,1.0,171.396,1.0,181.268,1.0,173.412,1.0,166.254,1.0,162.864,1.0,191.876,1.0,250.395,1.0,275.083,1.0,309.831,1.0,322.421,1.0,319.404,1.0,341.932,1.0,349.646,1.0,371.152,1.0,418.281,1.0,1246.166,1.0,1460.69,1.0,1513.314,1.0,2097.506,1.0,2152.775,1.0,2563.863,1.0,2766.953,1.0,2997.909,1.0,3023.148,1.0,3770.026,1.0,3469.572,1.0,3770.026,1.0,3867.541,1.0,3703.342,1.0,3584.261,1.0,3625.379,1.0,3588.114,1.0,3659.7,1.0,3622.892,1.0,3568.343,1.0,3660.493,1.0,3734.219,1.0,3782.67,1.0
    Domestic,,138.704,0.925464553794829,135.08,0.926372963186482,160.135,0.934298350019837,168.569,0.929943509058411,159.566,0.920155467903029,151.553,0.911575059848184,147.812,0.907579329993123,176.271,0.918671433634222,236.977,0.946412667984584,257.091,0.934594286088199,286.897,0.925979001455632,293.733,0.911023165364539,289.875,0.907549686290716,309.05,0.903834680579764,312.872,0.894825051623642,331.336,0.892723196965125,381.947,0.913134949949914,1102.154,0.88443594192106,1276.044,0.87358987875593,1307.086,0.863724250221699,1503.459,0.716784123621101,1573.683,0.73100207871236,1976.099,0.770750621230542,2111.158,0.762990191737988,2224.891,0.742147610217655,2269.444,0.750689016879094,2833.059,0.751469353261755,2546.867,0.734057976027014,2833.059,0.751469353261755,2885.86,0.746174377983323,2799.973,0.756066547459025,2785.303,0.777092683819621,2745.071,0.757181800854476,2721.743,0.758544182263997,2795.979,0.763991310763177,2799.543,0.772737084075374,2724.71,0.763578501281968,—,,2761.309,0.739460915388198,2756.275,0.728658593004412
    International,,11.171,0.074535446205171,10.736,0.0736270368135184,11.261,0.0657016499801629,12.699,0.0700564909415893,13.846,0.0798445320969714,14.701,0.0884249401518159,15.052,0.0924206700068769,15.605,0.0813285663657779,13.418,0.0535873320154156,17.992,0.0654057139118012,22.934,0.0740209985443677,28.688,0.0889768346354611,29.529,0.0924503137092835,32.882,0.0961653194202356,36.774,0.105174948376358,39.816,0.107276803034875,36.334,0.0868650500500859,144.012,0.11556405807894,184.646,0.12641012124407,206.228,0.136275749778301,594.047,0.2832158763789,579.092,0.26899792128764,587.764,0.229249378769458,655.795,0.237009808262012,773.018,0.257852389782345,753.704,0.249310983120906,936.967,0.248530646738245,922.705,0.265942023972986,936.967,0.248530646738245,981.681,0.253825622016677,903.369,0.243933452540975,798.958,0.222907316180379,880.308,0.242818199145524,866.371,0.241455817736003,863.721,0.236008689236823,823.349,0.227262915924626,843.633,0.236421498718032,912.565,0.249301118729089,972.91,0.260539084611802,1026.395,0.271341406995588
    Domestic,,—,,—,,—,,—,,—,,—,,—,,—,,—,,—,,—,,—,,—,,—,,—,,—,,—,,—,,—,,—,,—,,—,,—,,—,,—,,—,,—,,—,,—,,—,,—,,—,,—,,—,,—,,—,,—,,2747.928,0.750698881270911,—,,—,
Contribution Profit,,266.725,1.0,332.051,1.0,325.802,1.0,356.295,1.0,349.795,1.0,384.911,1.0,385.121,1.0,441.426,1.0,538.126,1.0,708.341,1.0,608.833,1.0,679.389,1.0,758.462,1.0,863.5,1.0,912.832,1.0,957.916,1.0,723.086,1.0,1033.8,1.0,—,,1593.189,1.0,—,,—,,—,,—,,—,,—,,—,,—,,—,,—,,—,,—,,—,,—,,—,,—,,—,,—,,—,,—,
  DVD,,88.561,0.332031118192895,84.606,0.254798208708903,77.923,0.239172871866962,79.731,0.223778049088536,79.569,0.227473234322961,76.377,0.198427688478635,70.902,0.184103177962251,68.704,0.15564103609665,68.267,0.126860623720095,60.175,0.0849520216957652,62.003,0.101839092164847,63.127,0.092917312467526,62.667,0.0826237833932353,56.358,0.0652669368847713,52.98,0.0580391572600435,51.676,0.0539462750387299,51.478,0.0711920850355283,46.73,0.0452021667633972,—,,44.084,0.0276702889613222,—,,—,,—,,—,,—,,—,,—,,—,,—,,—,,—,,—,,—,,—,,—,,—,,—,,—,,—,,—,
  Streaming,,178.164,0.667968881807105,247.445,0.745201791291097,247.879,0.760827128133038,276.564,0.776221950911464,270.226,0.772526765677039,308.534,0.801572311521365,314.219,0.815896822037749,372.722,0.844358963903349,469.859,0.873139376279905,648.166,0.915047978304235,546.83,0.898160907835153,616.262,0.907082687532474,695.795,0.917376216606765,807.142,0.934733063115229,859.852,0.941960842739957,906.24,0.94605372496127,671.608,0.928807914964472,987.07,0.954797833236603,—,,1549.105,0.972329711038678,—,,—,,—,,—,,—,,—,,—,,—,,—,,—,,—,,—,,—,,—,,—,,—,,—,,—,,—,,—,
    International,,-78.662,-0.294917986690411,-65.007,-0.195774143128616,-91.916,-0.282122270581519,-67.648,-0.189865139841985,-108.815,-0.311082205291671,-104.219,-0.2707612928703,-100.14,-0.260022174848944,-102.458,-0.232106853696882,-66.535,-0.123642046658218,42.65,0.0602111130091298,-13.099,-0.0215149310237783,62.361,0.091789828802056,134.677,0.177565916288489,174.322,0.201878401852924,187.923,0.20586811154736,217.994,0.22757110226784,81.701,0.112989326304202,274.096,0.265134455407235,—,,558.405,0.350495138994808,—,,—,,—,,—,,—,,—,,—,,—,,—,,—,,—,,—,,—,,—,,—,,—,,—,,—,,—,,—,
    Domestic,,256.826,0.962886868497516,312.452,0.940975934419713,339.795,1.04294939871456,344.212,0.966087090753449,379.041,1.08360897096871,412.753,1.07233360439166,414.359,1.07591899688669,475.18,1.07646581760023,536.394,0.996781422938122,605.516,0.854836865295105,559.929,0.919675838858932,553.901,0.815292858730418,561.118,0.739810300318276,632.82,0.732854661262305,671.929,0.736092731192596,688.246,0.71848262269343,589.907,0.81581858866027,712.974,0.689663377829367,—,,990.7,0.621834572043869,—,,—,,—,,—,,—,,—,,—,,—,,—,,—,,—,,—,,—,,—,,—,,—,,—,,—,,—,,—,
Contribution Margin %,,—,,—,,—,,—,,—,,—,,—,,—,,—,,—,,—,,—,,—,,—,,—,,—,,—,,—,,—,,—,,—,,—,,—,,—,,—,,—,,—,,—,,—,,—,,—,,—,,—,,—,,—,,—,,—,,—,,—,,—,
  International,,-20.3,,-16,,-20,,-13,,-19.2,,-16,,-9,,-8,,-13.3,,4,,-1,,5,,2.5,,10,,16,,11,,3.9,,12,,16,,20,,—,,—,,—,,—,,—,,—,,—,,—,,—,,—,,—,,—,,—,,—,,—,,—,,—,,—,,—,,—,
  Domestic,,28,,32,,33,,32,,34.3,,36,,34,,36,,35.7,,41,,37,,36,,30.9,,35,,39,,36,,29.6,,34,,37,,41,,—,,—,,—,,—,,—,,—,,—,,—,,—,,—,,—,,—,,—,,—,,—,,—,,—,,—,,—,,—,
  DVD,,—,,49,,48,,51,,—,,50,,51,,52,,—,,50,,54,,57,,—,,57,,57,,58,,—,,58,,60,,61,,—,,—,,—,,—,,—,,—,,—,,—,,—,,—,,—,,—,,—,,—,,—,,—,,—,,—,,—,,—,
Selling & Marketing Expense,,203.671,1.0,194.677,1.0,197.14,1.0,208.102,1.0,224.173,1.0,208.01,1.0,216.029,1.0,282.043,1.0,284.996,1.0,271.27,1.0,274.323,1.0,312.49,1.0,466.527,1.0,536.777,1.0,592.007,1.0,510.33,1.0,730.355,1.0,616.578,1.0,603.15,1.0,553.797,1.0,—,,—,,—,,—,,—,,—,,—,,—,,—,,—,,—,,—,,—,,—,,—,,—,,—,,—,,—,,—,
  DVD,,0,,0,,0,,0,,0,,0,,0,,0,,—,,0,,0,,—,,—,,0,,0,,—,,—,,0,,—,,—,,—,,—,,—,,—,,—,,—,,—,,—,,—,,—,,—,,—,,—,,—,,—,,—,,—,,—,,—,,—,
  Streaming,,203.671,1.0,194.677,1.0,197.14,1.0,208.102,1.0,224.173,1.0,208.01,1.0,216.029,1.0,282.043,1.0,284.996,1.0,271.27,1.0,274.323,1.0,312.49,1.0,466.527,1.0,536.777,1.0,592.007,1.0,510.33,1.0,730.355,1.0,616.578,1.0,603.15,1.0,553.797,1.0,—,,—,,—,,—,,—,,—,,—,,—,,—,,—,,—,,—,,—,,—,,—,,—,,—,,—,,—,,—,
    International,,116.248,0.570763633506979,105.126,0.540002157419726,123.713,0.627538804910216,133.267,0.640392692045247,144.34,0.643877719439897,126.068,0.606067016008846,129.223,0.598174319188628,173.548,0.615324613622745,179.407,0.629507080801134,156.232,0.575928042172006,160.715,0.585860463759874,183.589,0.587503600115204,255.47,0.547599603024048,286.058,0.532917766595812,340.709,0.57551515438162,299.735,0.587335645562675,417.616,0.571798645863998,395.532,0.641495479890622,352.544,0.584504683743679,342.004,0.61756203085246,—,,—,,—,,—,,—,,—,,—,,—,,—,,—,,—,,—,,—,,—,,—,,—,,—,,—,,—,,—,
    Domestic,,87.423,0.429236366493021,89.551,0.459997842580274,73.427,0.372461195089784,74.835,0.359607307954753,79.833,0.356122280560103,81.942,0.393932983991154,86.806,0.401825680811373,108.495,0.384675386377255,105.589,0.370492919198866,115.038,0.424071957827994,113.608,0.414139536240126,128.901,0.412496399884796,211.057,0.452400396975952,250.719,0.467082233404188,251.298,0.424484845618379,210.595,0.412664354437325,312.739,0.428201354136002,221.046,0.358504520109378,250.606,0.415495316256321,211.793,0.38243796914754,—,,—,,—,,—,,—,,—,,—,,—,,—,,—,,—,,—,,—,,—,,—,,—,,—,,—,,—,,—,
Average Revenue per User (ARPU),,—,,—,,—,,—,,—,,—,,—,,—,,—,,—,,—,,—,,—,,—,,—,,—,,—,,—,,—,,—,,—,,—,,—,,—,,—,,—,,—,,—,,—,,—,,—,,—,,—,,—,,—,,—,,—,,—,,—,,—,
  Streaming,,—,,—,,—,,—,,—,,—,,—,,—,,—,,—,,—,,—,,—,,—,,—,,—,,—,,10.27,,10.76,,—,,—,,10.87,,10.8,,10.95,,11.06,,11.53,,11.67,,11.73,,11.58,,11.77,,11.96,,11.85,,11.46,,11.7,,11.55,,11.7,,11.31,,11.79,,11.65,,11.69,
    Domestic,,—,,8.41,,8.41,,8.53,,—,,8.69,,8.78,,9.4,,—,,10.07,,10.07,,10.15,,—,,11.25,,11.37,,11.44,,—,,11.64,,—,,—,,—,,—,,—,,—,,—,,—,,—,,—,,—,,—,,—,,—,,—,,—,,—,,—,,—,,—,,—,,—,
  International,,—,,7.68,,7.4,,7.56,,—,,7.31,,7.67,,8.05,,—,,8.09,,8.29,,8.73,,—,,9.77,,9.69,,9.27,,—,,—,,—,,9.73,,—,,—,,—,,—,,—,,—,,—,,—,,—,,—,,—,,—,,—,,—,,—,,—,,—,,—,,—,,—,
  Domestic,,—,,—,,—,,—,,—,,—,,—,,—,,—,,—,,—,,—,,—,,—,,—,,—,,—,,—,,—,,13.32,,—,,—,,—,,—,,—,,—,,—,,—,,—,,—,,—,,—,,—,,—,,—,,—,,—,,—,,—,,—,
  DVD,,—,,10.37,,10.23,,10.31,,—,,10.23,,10.18,,10.23,,—,,10.16,,10.12,,10.19,,—,,10.18,,10.14,,10.2,,—,,—,,—,,10.22,,—,,—,,—,,—,,—,,—,,—,,—,,—,,—,,—,,—,,—,,—,,—,,—,,—,,—,,—,,—,
Number of Subscribers (end of period),,63158,1.0,67838,1.0,70865,1.0,74228,1.0,79666,1.0,86241,1.0,87707,1.0,91016,1.0,97910,1.0,98307,1.0,102794,1.0,107592,1.0,113974,1.0,122069,1.0,127353,1.0,133274,1.0,141965,1.0,148863,1.0,151562,1.0,166216,1.0,167090,1.0,182856,1.0,192947,1.0,195151,1.0,203663,1.0,207640,1.0,209180,1.0,213563,1.0,221844,1.0,221640,1.0,220672,1.0,223085,1.0,230747,1.0,232500,1.0,238390,1.0,247153,1.0,260276,1.0,269602,1.0,277647,1.0,282720,1.0
  Streaming,,57391,0.908689318851135,62274,0.917981072555205,65551,0.925012347421153,69168,0.931831653823355,74762,0.938442999523009,81500,0.945026147655987,83177,0.94835075877638,86743,0.953052210600334,93796,0.957981820038811,94363,0.959880781633047,99036,0.963441445998794,104023,0.966828388727786,110644,0.970782810114588,118902,0.974055657046425,124354,0.976451281084859,130422,0.97860047721236,139259,0.980938963829113,148863,1.0,151562,1.0,163924,0.986210713770034,167090,1.0,182856,1.0,192947,1.0,195151,1.0,203663,1.0,207640,1.0,209180,1.0,213563,1.0,221844,1.0,221640,1.0,220672,1.0,223085,1.0,230747,1.0,232500,1.0,238390,1.0,247153,1.0,260276,1.0,269602,1.0,277647,1.0,282720,1.0
    International,,18277,0.289385351024415,20877,0.307747869925411,23251,0.328102730543992,25987,0.350096998437247,30024,0.376873446639721,34533,0.400424392110481,36048,0.411004822876167,39246,0.431198910081744,44365,0.453120212439996,43509,0.442582928987763,47115,0.45834387221044,51251,0.476345824968399,57834,0.507431519469353,62197,0.509523302394547,66975,0.525900449930508,71958,0.539925266743701,80773,0.568964181312295,—,,—,,101929,0.613232179814218,—,,—,,—,,—,,—,,—,,—,,—,,—,,—,,—,,—,,—,,—,,—,,—,,—,,—,,—,,—,
    Domestic,,—,,—,,—,,—,,44738,0.561569552883288,—,,—,,—,,—,,—,,—,,—,,—,,—,,—,,—,,—,,—,,—,,61995,0.372978533955817,—,,—,,—,,—,,—,,—,,—,,—,,—,,—,,—,,—,,—,,—,,—,,—,,—,,—,,—,,—,
    Domestic,,39114,0.61930396782672,41397,0.610233202629795,42300,0.596909616877161,43181,0.581734655386108,—,,46967,0.544601755545506,47129,0.537345935900213,47497,0.52185330051859,49431,0.504861607598815,50854,0.517297852645285,51921,0.505097573788353,52772,0.490482563759387,52810,0.463351290645235,56705,0.464532354651877,57379,0.450550831154351,58464,0.438675210468659,58486,0.411974782516818,—,,—,,—,,—,,—,,—,,—,,—,,—,,—,,—,,—,,—,,—,,—,,—,,—,,—,,—,,—,,—,,—,,—,
  DVD,,5767,0.0913106811488648,5564,0.082018927444795,5314,0.0749876525788471,5060,0.0681683461766449,4904,0.0615570004769914,4741,0.0549738523440127,4530,0.0516492412236196,4273,0.046947789399666,4114,0.0420181799611888,3944,0.0401192183669525,3758,0.0365585540012063,3569,0.0331716112722135,3330,0.0292171898854125,3167,0.0259443429535754,2999,0.0235487189151414,2852,0.0213995227876405,2706,0.0190610361708872,—,,—,,2292,0.0137892862299658,—,,—,,—,,—,,—,,—,,—,,—,,—,,—,,—,,—,,—,,—,,—,,—,,—,,—,,—,,—,
Net Paid Subscriber Additions,,—,,—,,—,,—,,—,,—,,—,,—,,4386,1.0,5273,1.0,—,,8785,1.0,6621,1.0,8258,1.0,5452,1.0,6068,1.0,8837,1.0,9604,1.0,2699,1.0,6772,1.0,8756,1.0,15766,1.0,10091,1.0,2204,1.0,8512,1.0,3976,1.0,1541,1.0,4383,1.0,8688,1.0,-203,,-969,,2413,1.0,7670,1.0,1751,1.0,5892,1.0,8763,1.0,13123,1.0,9326,1.0,8045,1.0,5073,1.0
  Streaming,,—,,—,,—,,—,,—,,—,,—,,—,,4386,1.0,5273,1.0,—,,8785,1.0,6621,1.0,8258,1.0,5452,1.0,6068,1.0,8837,1.0,9604,1.0,2699,1.0,6772,1.0,8756,1.0,15766,1.0,10091,1.0,2204,1.0,8512,1.0,3976,1.0,1541,1.0,4383,1.0,8688,1.0,-203,1.0,-969,1.0,2413,1.0,7670,1.0,1751,1.0,5892,1.0,8763,1.0,13123,1.0,9326,1.0,8045,1.0,5073,1.0
    International,,—,,—,,—,,—,,—,,—,,—,,—,,—,,—,,—,,—,,—,,—,,—,,—,,—,,—,,2825,1.04668395702112,6772,1.0,—,,—,,—,,—,,—,,—,,—,,—,,—,,—,,—,,—,,—,,—,,—,,—,,—,,—,,—,,—,
Net Subscriber Additions,,4330,1.0,4680,1.0,3027,1.0,3363,1.0,5438,1.0,6575,1.0,1466,1.0,3309,1.0,6891,1.0,5103,1.0,4487,1.0,4987,1.0,8148,1.0,8042,1.0,5284,1.0,6068,1.0,11235,1.0,9604,1.0,2545,1.0,—,,8756,1.0,15766,1.0,10091,1.0,2204,1.0,8512,1.0,3976,1.0,1541,1.0,4383,1.0,8688,1.0,-203,,-969,,2413,1.0,7670,1.0,1751,1.0,5892,1.0,8763,1.0,13123,1.0,9326,1.0,8045,1.0,5073,1.0
  Streaming,,4330,1.0,4883,1.04337606837607,3277,1.08259002312521,3617,1.07552780255724,5594,1.02868701728577,6738,1.02479087452471,1677,1.14392905866303,3566,1.07766696887277,7050,1.02307357422725,5273,1.03331373701744,4673,1.0414530866949,4987,1.0,8334,1.02282768777614,8258,1.02685899030092,5452,1.03179409538229,6068,1.0,11356,1.01076991544281,9604,1.0,2545,1.0,—,,8756,1.0,15766,1.0,10091,1.0,2204,1.0,8512,1.0,3976,1.0,1541,1.0,4383,1.0,8688,1.0,-203,1.0,-969,1.0,2413,1.0,7670,1.0,1751,1.0,5892,1.0,8763,1.0,13123,1.0,9326,1.0,8045,1.0,5073,1.0
    International,,2430,0.561200923787529,2600,0.555555555555556,2374,0.784274859596961,2736,0.813559322033898,4037,0.74236851783744,4509,0.685779467680608,1515,1.03342428376535,3198,0.966455122393472,5120,0.742998113481352,3608,0.707035077405448,3631,0.809226654780477,3825,0.76699418488069,6356,0.780068728522337,5771,0.717607560308381,4491,0.849924299772899,4928,0.812129202373105,9269,0.825011125945705,—,,—,,—,,—,,—,,—,,—,,—,,—,,—,,—,,—,,—,,—,,—,,—,,—,,—,,—,,—,,—,,—,,—,
    Domestic,,—,,—,,—,,—,,1557,0.286318499448327,—,,—,,—,,—,,—,,—,,—,,—,,—,,—,,—,,—,,—,,—,,—,,—,,—,,—,,—,,—,,—,,—,,—,,—,,—,,—,,—,,—,,—,,—,,—,,—,,—,,—,,—,
    Domestic,,1900,0.438799076212471,2283,0.487820512820513,903,0.298315163528246,881,0.261968480523342,—,,2229,0.339011406844106,162,0.110504774897681,368,0.111211846479299,1930,0.2800754607459,1665,0.326278659611993,1042,0.232226431914419,1162,0.23300581511931,1978,0.242758959253805,2487,0.309251429992539,961,0.181869795609387,1140,0.187870797626895,2087,0.185758789497107,—,,—,,—,,—,,—,,—,,—,,—,,—,,—,,—,,—,,—,,—,,—,,—,,—,,—,,—,,—,,—,,—,,—,
  DVD,,—,,-203,-0.0433760683760684,-250,-0.0825900231252065,-254,-0.0755278025572406,-156,-0.0286870172857668,-163,-0.0247908745247148,-211,-0.143929058663029,-257,-0.0776669688727712,-159,-0.0230735742272529,-170,-0.0333137370174407,-186,-0.0414530866948964,—,,-186,-0.0228276877761414,-216,-0.0268589903009202,-168,-0.0317940953822861,—,,-121,-0.0107699154428126,—,,—,,—,,—,,—,,—,,—,,—,,—,,—,,—,,—,,—,,—,,—,,—,,—,,—,,—,,—,,—,,—,,—,
Number of Paid Subscribers,,60144,1.0,65089,1.0,67925,1.0,70990,1.0,75626,1.0,82354,1.0,84331,1.0,87472,1.0,93119,1.0,94363,1.0,99036,1.0,—,,110644,1.0,118902,1.0,124354,1.0,—,,139259,1.0,148863,1.0,151562,1.0,—,,167090,1.0,182856,1.0,192947,1.0,195151,1.0,203663,1.0,207640,1.0,209180,1.0,213563,1.0,221844,1.0,221640,1.0,220672,1.0,223085,1.0,230747,1.0,232500,1.0,238390,1.0,247153,1.0,260276,1.0,269602,1.0,277647,1.0,282720,1.0
  Streaming,,54476,0.905759510508114,59619,0.915961222326353,62706,0.923165255796835,66019,0.929976052965206,70839,0.936701663449078,77707,0.943572868348836,79896,0.947409612123656,83278,0.952053228461679,89090,0.95673278278332,94363,1.0,99036,1.0,—,,110644,1.0,118902,1.0,124354,1.0,—,,139259,1.0,148863,1.0,151562,1.0,—,,167090,1.0,182856,1.0,192947,1.0,195151,1.0,203663,1.0,207640,1.0,209180,1.0,213563,1.0,221844,1.0,221640,1.0,220672,1.0,223085,1.0,230747,1.0,232500,1.0,238390,1.0,247153,1.0,260276,1.0,269602,1.0,277647,1.0,282720,1.0
    International,,16778,0.278963820164937,19304,0.296578530934567,21649,0.318719175561281,23951,0.337385547260178,27438,0.362811731415122,31993,0.388481433810137,33892,0.401892542481413,36799,0.420694622279129,41185,0.44228352967708,—,,—,,—,,—,,—,,—,,—,,—,,—,,—,,—,,—,,—,,—,,—,,—,,—,,—,,—,,—,,—,,—,,—,,—,,—,,—,,—,,—,,—,,—,,—,
    Domestic,,—,,—,,—,,—,,43401,0.573889932033957,—,,—,,—,,—,,—,,—,,—,,—,,—,,—,,—,,—,,—,,—,,—,,—,,—,,—,,—,,—,,—,,—,,—,,—,,—,,—,,—,,—,,—,,—,,—,,—,,—,,—,,—,
    Domestic,,37698,0.626795690343176,40315,0.619382691391787,41057,0.604446080235554,42068,0.592590505705029,—,,45714,0.555091434538699,46004,0.545517069642243,46479,0.53135860618255,47905,0.51444925310624,—,,—,,—,,—,,—,,—,,—,,—,,—,,—,,—,,—,,—,,—,,—,,—,,—,,—,,—,,—,,—,,—,,—,,—,,—,,—,,—,,—,,—,,—,,—,
  DVD,,5668,0.0942404894918862,5470,0.0840387776736469,5219,0.0768347442031653,4971,0.0700239470347936,4787,0.0632983365509216,4647,0.0564271316511645,4435,0.0525903878763444,4194,0.0479467715383208,4029,0.0432672172166797,—,,—,,—,,—,,—,,—,,—,,—,,—,,—,,—,,—,,—,,—,,—,,—,,—,,—,,—,,—,,—,,—,,—,,—,,—,,—,,—,,—,,—,,—,,—,
Number of Free Subscribers,,3014,1.0,2749,1.0,2940,1.0,3238,1.0,4040,1.0,3887,1.0,3376,1.0,3544,1.0,4791,1.0,4462,1.0,4982,1.0,5274,1.0,6991,1.0,6122,1.0,5815,1.0,6701,1.0,9221,1.0,6588,1.0,6073,1.0,5606,1.0,—,,—,,—,,—,,—,,—,,—,,—,,—,,—,,—,,—,,—,,—,,—,,—,,—,,—,,—,,—,
  DVD,,99,0.0328467153284672,94,0.0341942524554383,95,0.032312925170068,89,0.0274861025324274,117,0.028960396039604,94,0.0241831746848469,95,0.0281398104265403,79,0.0222911963882619,85,0.0177415988311417,77,0.0172568354997759,66,0.0132476916900843,49,0.009290860826697,53,0.00758117579745387,29,0.00473701404769683,28,0.00481513327601032,24,0.00358155499179227,25,0.00271120268951307,22,0.00333940497874924,17,0.00279927548164005,16,0.00285408490902604,—,,—,,—,,—,,—,,—,,—,,—,,—,,—,,—,,—,,—,,—,,—,,—,,—,,—,,—,,—,
  Streaming,,2915,0.967153284671533,2655,0.965805747544562,2845,0.967687074829932,3149,0.972513897467573,3923,0.971039603960396,3793,0.975816825315153,3281,0.97186018957346,3465,0.977708803611738,4706,0.982258401168858,4385,0.982743164500224,4916,0.986752308309916,5225,0.990709139173303,6938,0.992418824202546,6093,0.995262985952303,5787,0.99518486672399,6677,0.996418445008208,9196,0.997288797310487,6566,0.996660595021251,6056,0.99720072451836,5590,0.997145915090974,—,,—,,—,,—,,—,,—,,—,,—,,—,,—,,—,,—,,—,,—,,—,,—,,—,,—,,—,,—,
    International,,1499,0.497345719973457,1573,0.572208075663878,1602,0.544897959183673,2036,0.628783199505868,2586,0.64009900990099,2540,0.65346025212246,2156,0.638625592417062,2447,0.690462753950339,3180,0.663744520976832,2906,0.651277454056477,3318,0.665997591328784,3798,0.720136518771331,4998,0.714919181805178,4475,0.730970271153218,4367,0.750988822012038,5170,0.771526637815251,7131,0.773343455156707,5003,0.759411050394657,4481,0.737856084307591,4215,0.751872993221548,—,,—,,—,,—,,—,,—,,—,,—,,—,,—,,—,,—,,—,,—,,—,,—,,—,,—,,—,,—,
    Domestic,,—,,—,,—,,—,,1337,0.330940594059406,—,,—,,—,,—,,—,,—,,—,,—,,—,,—,,—,,—,,—,,—,,1375,0.245272921869426,—,,—,,—,,—,,—,,—,,—,,—,,—,,—,,—,,—,,—,,—,,—,,—,,—,,—,,—,,—,
    Domestic,,1416,0.469807564698076,1082,0.393597671880684,1243,0.422789115646258,1113,0.343730697961705,—,,1253,0.322356573192694,1125,0.333234597156398,1018,0.2872460496614,1526,0.318513880192027,1479,0.331465710443747,1598,0.320754716981132,1427,0.270572620401972,1940,0.277499642397368,1618,0.264292714799085,1420,0.244196044711952,1507,0.224891807192956,2065,0.223945342153779,1563,0.237249544626594,1575,0.259344640210769,—,,—,,—,,—,,—,,—,,—,,—,,—,,—,,—,,—,,—,,—,,—,,—,,—,,—,,—,,—,,—,
Average Number of Active Accounts,,—,,—,,—,,—,,—,,—,,—,,—,,—,,—,,—,,—,,—,,—,,—,,—,,—,,—,,—,,—,,—,,—,,—,,—,,—,,—,,—,,—,,—,,—,,—,,—,,—,,—,,—,,—,,—,,—,,—,,—,
  Streaming,,—,,—,,—,,—,,—,,—,,—,,—,,—,,—,,—,,—,,—,,—,,—,,—,,—,,144.061,,150.213,,—,,162.712,,—,,187.902,,194.049,,—,,205.651,,208.41,,211.372,,—,,221.743,,221.157,,221.879,,—,,—,,235.444,,242.772,,253.716,,—,,273.626,,280.184,
Source: Bloomberg,,,,,,,,,,,,,,,,,,,,,,,,,,,,,,,,,,,,,,,,,,,,,,,,,,,,,,,,,,,,,,,,,,,,,,,,,,,,,,,,,
