Unnamed: 0,Unnamed: 1,Unnamed: 2,Unnamed: 3,Unnamed: 4,Unnamed: 5,Unnamed: 6,Unnamed: 7,Unnamed: 8,Unnamed: 9,Unnamed: 10,Unnamed: 11,Unnamed: 12,Unnamed: 13,Unnamed: 14,Unnamed: 15,Unnamed: 16,Unnamed: 17,Unnamed: 18,Unnamed: 19,Unnamed: 20,Unnamed: 21,Unnamed: 22,Unnamed: 23,Unnamed: 24,Unnamed: 25,Unnamed: 26,Unnamed: 27,Unnamed: 28,Unnamed: 29,Unnamed: 30,Unnamed: 31,Unnamed: 32,Unnamed: 33,Unnamed: 34,Unnamed: 35,Unnamed: 36,Unnamed: 37
Exxon Mobil Corp (XOM US) - By Measure,,,,,,,,,,,,,,,,,,,,,,,,,,,,,,,,,,,,,
,,,,,,,,,,,,,,,,,,,,,,,,,,,,,,,,,,,,,
date,,Q1 2000,,Q2 2000,,Q3 2000,,Q4 2000,,Q1 2001,,Q2 2001,,Q3 2001,,Q4 2001,,Q1 2002,,Q2 2002,,Q3 2002,,Q4 2002,,Q1 2003,,Q2 2003,,Q3 2003,,Q4 2003,,Q1 2004,,Q2 2004,
date,,03/31/2000,,06/30/2000,,09/30/2000,,12/31/2000,,03/31/2001,,06/30/2001,,09/30/2001,,12/31/2001,,03/31/2002,,06/30/2002,,09/30/2002,,12/31/2002,,03/31/2003,,06/30/2003,,09/30/2003,,12/31/2003,,03/31/2004,,06/30/2004,
Revenue,,53273,1.0,54936,1.0,57497,1.0,47334,1.0,56076,1.0,55101,1.0,51132,1.0,47406,1.0,42592,1.0,49972,1.0,53194,1.0,55250,1.0,60188,1.0,56167,1.0,58760,1.0,64097,1.0,66060,1.0,69220,1.0
  Downstream,,44109,0.831507908081513,45796,0.836945794802442,47985,0.838385603214816,40533,0.86334107222731,44657,0.79958818263205,45889,0.835819536273063,43106,0.846526973154494,40533,0.862019097849897,35348,0.830096517389569,41901,0.838607024917442,45112,0.84827287941182,45671,0.82656459260868,49174,0.81712889878529,46158,0.821916344664257,49017,0.834331914893617,51162,0.798246298347713,54017,0.817807451817535,57579,0.831922210021384
    Non-U.S.,,31092,0.586121741097517,31696,0.579260937899777,33940,0.592993797501529,29724,0.633112526358389,31928,0.571674127126231,31514,0.573994135111014,30031,0.589756681919051,29724,0.632143085004572,25780,0.605405913157833,29259,0.585589912939057,31644,0.595024538839059,32484,0.587903138234336,34976,0.581199421725187,32933,0.586424259691234,34748,0.591455319148936,36481,0.569188522927621,38185,0.578113881697476,39654,0.572935329133676
    United States,,13017,0.245386166983995,14100,0.257684856902665,14045,0.245391805713287,10809,0.230228545868922,12729,0.227914055505819,14375,0.261825401162049,13075,0.256770291235443,10809,0.229876012845324,9568,0.224690604231736,12642,0.253017111978385,13468,0.253248340572761,13187,0.238661454374344,14198,0.235929477060104,13225,0.235492084973023,14269,0.242876595744681,14681,0.229057775420093,15832,0.239693570120059,17925,0.258986880887707
  Chemical Prime Product,,4139,0.0780251475106981,4415,0.0806864285975364,4504,0.0786931073643749,3485,0.0742294830560821,4410,0.0789615040286482,4195,0.0764074822869424,3853,0.0756662280787887,3485,0.0741158205907999,3494,0.0820515229082028,4259,0.0852396677674372,4338,0.08157048569978,4317,0.0781300901292214,5164,0.0858106648498646,4938,0.0879289161131787,4937,0.0840340425531915,7301,0.113912595759287,5853,0.088613344234001,6516,0.09414552389759
    Non-U.S.,,2170,0.0409071201010425,2302,0.0420702511056691,2423,0.0423342360443784,1979,0.0421521225159215,2445,0.0437779767233662,2354,0.0428756169972497,2247,0.0441271773924314,1979,0.0420875778907297,2018,0.0473898034426884,2364,0.0473131191834284,2565,0.0482315112540193,2570,0.0465124696854526,3135,0.052094584489606,3014,0.0536690468135116,2948,0.0501787234042553,5451,0.0850482892047494,3616,0.0547455753887148,3928,0.0567531641911807
    United States,,1969,0.0371180274096556,2113,0.0386161774918674,2081,0.0363588713199965,1506,0.0320773605401606,1965,0.035183527305282,1841,0.0335318652896927,1606,0.0315390506863573,1506,0.0320282427000702,1476,0.0346617194655144,1895,0.0379265485840088,1773,0.0333389744457607,1747,0.0316176204437688,2029,0.0337160803602586,1924,0.034259869299667,1989,0.0338553191489362,1850,0.0288643065545379,2237,0.0338677688452862,2588,0.0373923597064093
  Upstream,,4799,0.0904669444077893,4507,0.0823677766000219,4746,0.082921289420809,2931,0.0624294447166074,6783,0.121450313339302,4819,0.0877729814399942,3962,0.0778067987667171,3003,0.0638650815593033,3741,0.0878519597022286,3805,0.0761533073151206,3731,0.0701566348884,5266,0.0953053172620987,5841,0.0970604363648449,5063,0.0901547392225645,4796,0.0816340425531915,5630,0.0878411058929992,6181,0.0935792039484641,5117,0.0739322660810264
    Non-U.S.,,3803,0.0716911418176334,3312,0.060528528089477,3405,0.0594915698436272,1997,0.0425355172634135,4497,0.0805192479856759,3404,0.0620002549951733,2991,0.0587380452072819,1997,0.0424703855724038,2923,0.0686424159876007,2803,0.0560992694886421,2775,0.0521802899531788,4087,0.0739674955659319,4073,0.0676814171056349,3623,0.0645132570024395,3355,0.0571063829787234,4337,0.0676672959605573,4695,0.0710814370713539,3722,0.053776801710686
    United States,,996,0.0187758025901559,1195,0.021839248510545,1341,0.0234297195771818,934,0.0198939274531939,2286,0.0409310653536258,1415,0.0257727264448209,971,0.0190687535594352,934,0.0198634652602029,818,0.0192095437146279,1002,0.0200540378264785,956,0.0179763449352212,1179,0.0213378216961668,1768,0.02937901925921,1440,0.025641482220125,1441,0.0245276595744681,1293,0.0201738099324419,1486,0.0224977668771101,1395,0.0201554643703404
  All Other Corporate,,226,,218,,262,,385,,226,,198,,211,,385,,9,,7,,13,,-4,,9,,8,,10,,4,,9,,8,
Intersegment Revenue,,9137,1.0,9917,1.0,12525,1.0,16431,1.0,11650,1.0,12210,1.0,10846,1.0,8184,1.0,10067,1.0,11919,1.0,10386,1.0,9910,1.0,14638,1.0,12828,1.0,14046,1.0,11078,1.0,16226,1.0,18278,1.0
  Downstream,,3291,0.361370374437246,3558,0.360121457489879,4498,0.360647851186658,8968,0.547831398900428,5324,0.4590050866454,5905,0.485329169063861,5632,0.521578070012965,4134,0.507363770250368,5099,0.50984901509849,5879,0.496411382251119,5084,0.493688094775685,3635,0.368250430554149,7124,0.489252111805508,6363,0.499019684730609,7338,0.525531762515219,3554,0.322944116310768,8176,0.506630313545669,9248,0.508159788999396
    Non-U.S.,,2418,0.265510047216427,2459,0.248886639676113,3380,0.271007055805003,3427,0.209346365302382,4032,0.347616173808087,4813,0.395578203336895,4744,0.43934061863308,3291,0.403902798232695,3890,0.388961103889611,4326,0.365279067803766,4448,0.431928529811614,2493,0.252557998176477,5464,0.375248952681821,4916,0.385538389145949,5728,0.410227028575521,2644,0.240254429804634,6578,0.40760936919073,7208,0.396065717896588
    United States,,873,0.0958603272208191,1099,0.111234817813765,1118,0.0896407953816549,5541,0.338485033598045,1292,0.111388912837314,1092,0.0897509657269664,888,0.0822374513798852,843,0.103460972017673,1209,0.120887911208879,1553,0.131132314447353,636,0.0617595649640707,1142,0.115692432377672,1660,0.114003159123687,1447,0.11348129558466,1610,0.115304733939698,910,0.0826896865061336,1598,0.0990209443549386,2040,0.112094071102808
  Upstream,,4699,0.51597672120347,5167,0.522975708502024,6569,0.526699807568954,5776,0.352840562003665,4991,0.430295715147858,5177,0.42549519191255,4236,0.392294869420263,2920,0.358370152184585,3861,0.386061393860614,4604,0.388752849784683,3861,0.374927170324335,4838,0.490122581298754,5865,0.402788270036399,4836,0.379264371421849,4953,0.354723197020698,5607,0.5094956837801,5982,0.370677903085884,6706,0.368481784713446
    Non-U.S.,,3218,0.353354562424509,3700,0.374493927125506,4507,0.361369467607441,4229,0.258338423946243,3427,0.29545650487111,3350,0.275334922330895,2820,0.261159473976662,2725,0.334437898870889,2748,0.274772522747725,3298,0.278476737313181,2584,0.250922509225092,3514,0.355992300678756,4265,0.292905707025616,3581,0.280840718375029,3674,0.263123970493447,4262,0.387278509768287,4482,0.277729582352212,5075,0.278861475905269
    United States,,1481,0.162622158778961,1467,0.148481781376518,2062,0.165330339961514,1547,0.0945021380574221,1564,0.134839210276748,1827,0.150160269581655,1416,0.131135395443601,195,0.0239322533136966,1113,0.111288871112889,1306,0.110276112471502,1277,0.124004661099243,1324,0.134130280619998,1600,0.109882563010782,1255,0.0984236530468199,1279,0.0915992265272506,1345,0.122217174011813,1500,0.0929483207336721,1631,0.0896203088081763
  Chemical Prime Product,,1117,0.122652904359284,1155,0.116902834008097,1405,0.112652341244387,1626,0.0993280390959072,1284,0.110699198206742,1085,0.0891756390235884,930,0.0861270605667716,1094,0.134266077565047,1041,0.104089591040896,1360,0.114835767964198,1353,0.131384734899981,1398,0.141626988147098,1572,0.107959618158094,1552,0.121715943847541,1672,0.119745040464084,1844,0.167560199909132,1980,0.122691783368447,2245,0.123358426287159
    United States,,671,0.0736795871307785,697,0.0705465587044534,851,0.0682328415651058,686,0.041905925473427,698,0.0601776015173722,646,0.053094435768883,390,0.0361177995925171,452,0.055473735886107,541,0.0540945905409459,676,0.0570801317233809,727,0.0705962322781123,722,0.0731435518184581,734,0.0504086257811963,776,0.0608579719237707,891,0.0638115018262551,1002,0.0910495229441163,1016,0.0629569959102739,1220,0.0670366503654047
    Non-U.S.,,446,0.0489733172285055,458,0.0463562753036437,554,0.0444194996792816,940,0.0574221136224801,586,0.0505215966893698,439,0.0360812032547054,540,0.0500092609742545,642,0.0787923416789396,500,0.04999500049995,684,0.0577556362408174,626,0.0607885026218683,676,0.0684834363286394,838,0.0575509923768972,776,0.0608579719237707,781,0.0559335386378285,842,0.0765106769650159,964,0.0597347874581733,1025,0.0563217759217539
  All Other Corporate,,30,,37,,53,,61,,51,,43,,48,,36,,66,,76,,88,,39,,77,,77,,83,,73,,88,,79,
Revenue Including Intersegment Revenue,,61719,1.0,64853,1.0,70022,1.0,79855,1.0,67726,1.0,67311,1.0,61978,1.0,55748,1.0,52659,1.0,61891,1.0,63580,1.0,65464,1.0,74826,1.0,68635,1.0,72806,1.0,73062,1.0,82286,1.0,24068,1.0
  Downstream,,46709,0.759953142541041,49354,0.764017461840924,52483,0.752908603153199,60332,0.758244520410215,49981,0.741019140387552,51794,0.772237960339943,48738,0.789675788655033,44667,0.809639471442296,40447,0.769188346265024,47780,0.773039088791095,50196,0.790749696750106,49306,0.757097888675624,56298,0.753251271073053,52161,0.760919037199125,56355,0.775033350294995,54716,0.749606126614881,62193,0.756707101923615,10755,0.445175710915187
    Non-U.S.,,33510,0.545206058929763,34155,0.528731539676151,37320,0.53538382085013,39182,0.49243414437965,35960,0.533143560319649,36327,0.541628149694349,34775,0.563440755683015,33015,0.598433903097754,29670,0.564240073026016,33585,0.54337626197256,36092,0.568565982450889,34977,0.537074856046065,40440,0.541075729194541,37489,0.546885485047411,40476,0.556654243395266,39125,0.53601030235776,44763,0.544634926815024,7808,0.323192185106999
    United States,,13199,0.214747083611278,15199,0.235285922164773,15163,0.217524782303069,21150,0.265810376030565,14021,0.207875580067903,15467,0.230609810645594,13963,0.226235032972018,11652,0.211205568344541,10777,0.204948273239008,14195,0.229662826818535,14104,0.222183714299217,14329,0.220023032629559,15858,0.212175541878512,14672,0.214033552151714,15879,0.218379106899729,15591,0.213595824257121,17430,0.212072175108591,2947,0.121983525808187
  Upstream,,9498,0.154531994858695,9674,0.149756958419765,11315,0.162322291878864,13167,0.165481097928816,11774,0.174561520556272,9996,0.149038318175041,8198,0.132827816393655,5923,0.107361017962986,7602,0.144568690095847,8409,0.136050349469324,7592,0.119598607413475,10104,0.155147792706334,11706,0.156622959593257,9899,0.144405543398979,9749,0.134075062230963,11282,0.154562766292658,12163,0.147988173599873,10552,0.436773045241939
    Non-U.S.,,7021,0.114231326163708,7012,0.108548252267872,7912,0.113503665342075,9483,0.119181077820229,7924,0.117481356284007,6754,0.100700760399583,5811,0.0941525300150683,4722,0.0855915459769073,5671,0.10784649322988,6101,0.098708904996117,5359,0.0844216197482632,7601,0.116714011516315,8338,0.111560074926412,7204,0.10509117432531,7029,0.0966677210402541,8599,0.11780581699615,9177,0.111657277737897,7684,0.318059522331222
    United States,,2477,0.0403006686949872,2662,0.0412087061518932,3403,0.0488186265367897,3684,0.0463000201085864,3850,0.057080164272265,3242,0.0483375577754585,2387,0.0386752863785868,1201,0.0217694719860791,1931,0.0367221968659668,2308,0.0373414444732073,2233,0.0351769876652121,2503,0.0384337811900192,3368,0.0450628846668451,2695,0.0393143690736689,2720,0.0374073411907087,2683,0.0367569492965079,2986,0.0363308958619767,2868,0.118713522910717
  Chemical Prime Product,,5256,0.0855148626002636,5570,0.0862255797393108,5909,0.0847691049679372,6069,0.0762743816609692,5694,0.0844193390561758,5280,0.0787237214850156,4783,0.0774963949513116,4579,0.0829995105947181,4535,0.0862429636391298,5619,0.0909105617395806,5691,0.0896516958364184,5715,0.0877543186180422,6736,0.0901257693336901,6490,0.0946754194018964,6609,0.0908915874740418,6995,0.0958311070924609,7833,0.0953047244765114,2852,0.118051243842874
    Non-U.S.,,2616,0.0425621918878024,2760,0.0427257809839314,2977,0.0427073321187255,3348,0.0420772169716469,3031,0.0449376565998013,2793,0.041643059490085,2787,0.0451562727847178,2621,0.0475085645924342,2518,0.0478852883006238,3048,0.049314004659591,3191,0.050268592762961,3246,0.0498426103646833,3973,0.0531576130586032,3790,0.0552881108679796,3729,0.0512838144485855,4143,0.0567588672886441,4580,0.0557252187032328,1484,0.0614263835423652
    United States,,2640,0.0429526707124612,2810,0.0434997987553794,2932,0.0420617728492117,2721,0.0341971646893223,2663,0.0394816824563744,2487,0.0370806619949307,1996,0.0323401221665938,1958,0.0354909460022839,2017,0.038357675338506,2571,0.0415965570799896,2500,0.0393831030734574,2469,0.0379117082533589,2763,0.036968156275087,2700,0.0393873085339169,2880,0.0396077730254562,2852,0.0390722398038168,3253,0.0395795057732787,1368,0.0566248603005091
  All Other Corporate,,256,,255,,315,,287,,277,,241,,259,,579,,75,,83,,101,,339,,86,,85,,93,,69,,97,,-91,
Net Income,,3025,1.0,4530,1.0,4490,1.0,8700,1.0,5000,1.0,4460,1.0,3180,1.0,2680,1.0,2090,1.0,2640,1.0,2640,1.0,4090,1.0,7040,1.0,4170,1.0,3650,1.0,6650,1.0,5440,1.0,5790,1.0
  Upstream,,2754,0.79988382224804,2765,0.67030303030303,3100,0.728212356119333,6504,0.75928087788933,3778,0.759091822382962,2850,0.64276048714479,2131,0.659956642923506,1977,0.616848673946958,2089,0.952576379388965,2230,0.774036792780285,2277,0.826497277676951,3234,0.782861292665214,5693,0.849321199462927,2838,0.641645941668551,2702,0.703096539162113,3269,0.72952465967418,4013,0.719046765812578,3846,0.645302013422819
    Non-U.S.,,1874,0.54429276793494,1679,0.407030303030303,1885,0.442800093962885,4260,0.497314966145225,2150,0.4319871408479,1739,0.392196662156067,1364,0.422421802415609,1550,0.483619344773791,1641,0.74829001367989,1553,0.539048941339813,1635,0.593466424682396,2469,0.597676107480029,4434,0.661494853050873,1931,0.436581505765318,1819,0.473328129065834,2413,0.538495871457264,2859,0.512273786059846,2609,0.437751677852349
    United States,,880,0.255591054313099,1086,0.263272727272727,1215,0.285412262156448,2244,0.261965911744105,1628,0.327104681535061,1111,0.250563824988723,767,0.237534840507897,427,0.133229329173167,448,0.204286365709074,677,0.234987851440472,642,0.233030852994555,765,0.185185185185185,1259,0.187826346412054,907,0.205064435903233,883,0.229768410096279,856,0.191028788216916,1154,0.206772979752732,1237,0.20755033557047
  Downstream,,369,0.107173976183561,998,0.241939393939394,893,0.209772140004698,1527,0.178262899836563,999,0.200723327305606,1267,0.28574650428507,942,0.291731186125736,1019,0.317940717628705,-28,-0.0127678978568171,382,0.132592849704964,125,0.0453720508166969,821,0.198741224885016,723,0.107862151275548,1146,0.259100158263622,911,0.237054384595368,736,0.164249051550993,1004,0.179896075972048,1507,0.252852348993289
    United States,,182,0.0528608771420273,594,0.144,392,0.0920836269673479,575,0.0671258463693673,409,0.0821780188868796,844,0.190347316193054,390,0.120780427376897,281,0.0876755070202808,14,0.00638394892840857,234,0.0812217979868101,42,0.0152450090744102,403,0.0975550714112806,174,0.0259585260331195,419,0.0947320822970834,371,0.0965391621129326,384,0.0856951573309529,392,0.0702383085468554,907,0.152181208053691
    Non-U.S.,,187,0.0543130990415335,404,0.0979393939393939,501,0.11768851303735,952,0.111137053467196,590,0.118545308418726,423,0.0953991880920162,552,0.170950758748839,738,0.230265210608424,-42,-0.0191518467852257,148,0.0513710517181534,83,0.0301270417422867,418,0.101186153473735,549,0.0819036252424288,727,0.164368075966539,540,0.140515222482436,352,0.0785538942200402,612,0.109657767425193,600,0.100671140939597
  Chemical Prime Product,,320,0.0929422015683996,362,0.0877575757575758,264,0.062015503875969,535,0.0624562222741069,200,0.0401848503114326,317,0.0714930085701398,156,0.0483121709507588,209,0.065210608424337,132,0.0601915184678523,269,0.0933703575147518,353,0.128130671506352,76,0.01839748244977,287,0.0428166492615247,439,0.0992539000678272,230,0.0598490762425189,476,0.106226288774827,564,0.101057158215374,607,0.101845637583893
    Non-U.S.,,139,0.0403717688062736,124,0.0300606060606061,132,0.0310077519379845,261,0.0304692972215737,155,0.0311432589913603,168,0.0378890392422192,80,0.0247754722824404,81,0.0252730109204368,62,0.0282717738258094,182,0.0631725095452968,197,0.0715063520871143,5,0.00121036068748487,271,0.0404296583619275,311,0.0703142663350667,205,0.053343741868332,264,0.0589154206650301,446,0.0799139939079018,459,0.0770134228187919
    United States,,181,0.0525704327621261,238,0.0576969696969697,132,0.0310077519379845,274,0.0319869250525333,45,0.00904159132007233,149,0.0336039693279206,76,0.0235366986683184,128,0.0399375975039002,70,0.0319197446420429,87,0.0301978479694551,156,0.0566243194192378,71,0.0171871217622852,16,0.0023869908995972,128,0.0289396337327606,25,0.00650533437418683,212,0.0473108681097969,118,0.0211431643074718,148,0.0248322147651007
  All Other Corporate,,-418,,405,,233,,134,,23,,26,,-49,,-525,,-103,,-241,,-115,,-41,,337,,-253,,-193,,2169,,-141,,-170,
Assets,,—,,—,,—,,149000,1.0,—,,—,,—,,143174,1.0,—,,—,,—,,152644,1.0,—,,—,,—,,174278,1.0,—,,—,
  Upstream,,—,,—,,—,,58451,0.440574357428205,—,,—,,—,,59797,0.469795652208072,—,,—,,—,,66425,0.475684075593844,—,,—,,—,,75433,0.485296293675251,—,,—,
    United States,,—,,—,,—,,18825,0.141893419763323,—,,—,,—,,18896,0.148456588861042,—,,—,,—,,19385,0.138820260525204,—,,—,,—,,19196,0.123496979483649,—,,—,
    Non-U.S.,,—,,—,,—,,39626,0.298680937664883,—,,—,,—,,40901,0.32133906334703,—,,—,,—,,47040,0.33686381506864,—,,—,,—,,56237,0.361799314191602,—,,—,
  All Other Corporate,,—,,—,,—,,16330,,—,,—,,—,,15891,,—,,—,,—,,13003,,—,,—,,—,,18841,,—,,—,
  Chemical Prime Product,,—,,—,,—,,18281,0.137793020275872,—,,—,,—,,17019,0.133709921984868,—,,—,,—,,18124,0.129789961401021,—,,—,,—,,19508,0.125504223576111,—,,—,
    Non-U.S.,,—,,—,,—,,10234,0.0771387653576543,—,,—,,—,,9524,0.0748253890935946,—,,—,,—,,10581,0.0757728747287688,—,,—,,—,,11786,0.0758249322876793,—,,—,
    United States,,—,,—,,—,,8047,0.0606542549182181,—,,—,,—,,7495,0.0588845328912738,—,,—,,—,,7543,0.0540170866722524,—,,—,,—,,7722,0.049679291288432,—,,—,
  Downstream,,—,,—,,—,,55938,0.421632622295922,—,,—,,—,,50467,0.39649442580706,—,,—,,—,,55092,0.394525963005135,—,,—,,—,,60496,0.389199482748638,—,,—,
    Non-U.S.,,—,,—,,—,,42422,0.319755785030527,—,,—,,—,,37617,0.29553828869527,—,,—,,—,,41530,0.29740548979168,—,,—,,—,,46060,0.296325842624343,—,,—,
    United States,,—,,—,,—,,13516,0.101876837265395,—,,—,,—,,12850,0.10095613711179,—,,—,,—,,13562,0.0971204732134545,—,,—,,—,,14436,0.0928736401242947,—,,—,
Capital Expenditures,,—,,—,,—,,—,,—,,—,,—,,-3863,,-2974,,-3393,,-3563,,-4025,,-3496,,-3831,,-3838,,-4360,,-3401,,-3617,
  All Other Corporate,,—,,—,,—,,—,,—,,—,,—,,—,,—,,—,,—,,—,,—,,—,,—,,—,,-55,,-5,
  Chemical Prime Product,,—,,—,,—,,—,,—,,—,,—,,-435,0.112606782293554,-317,0.106590450571621,-248,0.0730916592985558,-241,0.0676396295256806,-305,0.0757763975155279,-131,0.0374713958810069,-197,0.051422605063952,-191,0.0497655028660761,-237,0.0543577981651376,-132,0.0394500896592947,-148,0.0409745293466224
    United States,,—,,—,,—,,—,,—,,—,,—,,-212,0.0548796272327207,-193,0.0648957632817754,-137,0.040377247273799,-139,0.0390120684816166,-151,0.0375155279503106,-63,0.0180205949656751,-107,0.0279300443748369,-94,0.0244919228764982,-133,0.0305045871559633,-51,0.0152420800956366,-64,0.017718715393134
    Non-U.S.,,—,,—,,—,,—,,—,,—,,—,,-223,0.0577271550608335,-124,0.0416946872898453,-111,0.0327144120247569,-102,0.028627561044064,-154,0.0382608695652174,-68,0.0194508009153318,-90,0.0234925606891151,-97,0.0252735799895779,-104,0.0238532110091743,-81,0.0242080095636581,-84,0.0232558139534884
  Downstream,,—,,—,,—,,—,,—,,—,,—,,-773,0.200103546466477,-392,0.131809011432414,-585,0.172413793103448,-634,0.17793993825428,-839,0.208447204968944,-581,0.166189931350114,-713,0.186113286348212,-668,0.174048983845753,-819,0.187844036697248,-510,0.152420800956366,-624,0.172757475083056
    United States,,—,,—,,—,,—,,—,,—,,—,,-276,0.0714470618690137,-149,0.0501008742434432,-250,0.0736811081638668,-257,0.0721302273365142,-324,0.0804968944099379,-308,0.0881006864988558,-333,0.0869224745497259,-312,0.0812923397602918,-291,0.066743119266055,-202,0.0603705917513449,-196,0.0542635658914729
    Non-U.S.,,—,,—,,—,,—,,—,,—,,—,,-497,0.128656484597463,-243,0.0817081371889711,-335,0.0987326849395815,-377,0.105809710917766,-515,0.127950310559006,-273,0.0780892448512586,-380,0.099190811798486,-356,0.0927566440854612,-528,0.121100917431193,-308,0.0920502092050209,-428,0.118493909191584
  Upstream,,—,,—,,—,,—,,—,,—,,—,,-2655,0.687289671239969,-2265,0.761600537995965,-2560,0.754494547597996,-2688,0.754420432220039,-2881,0.715776397515528,-2784,0.796338672768879,-2921,0.762464108587836,-2979,0.776185513288171,-3304,0.757798165137615,-2704,0.808129109384339,-2840,0.786267995570321
    United States,,—,,—,,—,,—,,—,,—,,—,,-667,0.172663732850116,-586,0.197041022192334,-568,0.167403477748305,-619,0.173730002806624,-584,0.145093167701863,-489,0.13987414187643,-526,0.137300965805273,-539,0.140437727983325,-571,0.130963302752294,-455,0.135983263598326,-464,0.128460686600221
    Non-U.S.,,—,,—,,—,,—,,—,,—,,—,,-1988,0.514625938389852,-1679,0.564559515803632,-1992,0.587091069849691,-2069,0.580690429413416,-2297,0.570683229813665,-2295,0.656464530892448,-2395,0.625163142782563,-2440,0.635747785304846,-2733,0.626834862385321,-2249,0.672145845786013,-2376,0.6578073089701
Total Refining Inputs (mbpd),,—,,—,,—,,—,,—,,—,,—,,—,,—,,—,,—,,—,,—,,—,,—,,5603,1.0,5596,1.0,5589,1.0
  Refinery Throughput,,—,,—,,—,,—,,—,,—,,—,,—,,—,,—,,—,,—,,—,,—,,—,,5603,1.0,5596,1.0,5589,1.0
Total Refining Outputs (mbpd),,—,,—,,—,,—,,—,,—,,—,,—,,7675,1.0,7569,1.0,7763,1.0,8017,1.0,7861,1.0,7800,1.0,7935,1.0,8237,1.0,8126,1.0,8023,1.0
"  Gasoline, naphthas",,—,,—,,—,,—,,—,,—,,—,,—,,3083,0.401693811074919,3143,0.415246399788611,3253,0.419039031302332,3224,0.402145440938007,3035,0.386083195522198,3263,0.418333333333333,3308,0.416887208569628,3342,0.405730241592813,3157,0.388506030027074,3302,0.411566745606382
"  Heating oils, kerosene, diesel oils",,—,,—,,—,,—,,—,,—,,—,,—,,2383,0.310488599348534,2173,0.287092086140838,2206,0.28416849156254,2406,0.300112261444431,2517,0.320188271212314,2284,0.292820512820513,2360,0.297416509136736,2568,0.311763991744567,2651,0.326236770858971,2360,0.294154306369189
  Specialty petroleum products,,—,,—,,—,,—,,—,,—,,—,,—,,946,0.123257328990228,1020,0.134760206103845,999,0.128687363132809,1009,0.125857552700511,1007,0.128100750540644,982,0.125897435897436,969,0.122117202268431,992,0.120432196187932,1017,0.125153827221265,1033,0.128754829864141
  Aviation fuels,,—,,—,,—,,—,,—,,—,,—,,—,,663,0.0863843648208469,674,0.0890474303078346,728,0.0937781785392245,698,0.0870649869028315,660,0.0839587838697367,643,0.0824358974358975,672,0.0846880907372401,673,0.0817045040670147,659,0.0810977110509476,679,0.0846316839087623
  Heavy fuels,,—,,—,,—,,—,,—,,—,,—,,—,,600,0.0781758957654723,559,0.0738538776588717,577,0.0743269354630942,680,0.0848197580142198,642,0.0816689988551075,628,0.0805128205128205,626,0.0788909892879647,662,0.0803690664076727,642,0.0790056608417426,649,0.0808924342515269
Source: Bloomberg,,,,,,,,,,,,,,,,,,,,,,,,,,,,,,,,,,,,,
