Unnamed: 0,Unnamed: 1,Unnamed: 2,Unnamed: 3,Unnamed: 4,Unnamed: 5,Unnamed: 6,Unnamed: 7,Unnamed: 8,Unnamed: 9,Unnamed: 10,Unnamed: 11,Unnamed: 12,Unnamed: 13,Unnamed: 14,Unnamed: 15,Unnamed: 16,Unnamed: 17,Unnamed: 18,Unnamed: 19,Unnamed: 20,Unnamed: 21,Unnamed: 22,Unnamed: 23,Unnamed: 24,Unnamed: 25,Unnamed: 26,Unnamed: 27,Unnamed: 28,Unnamed: 29,Unnamed: 30,Unnamed: 31,Unnamed: 32,Unnamed: 33,Unnamed: 34,Unnamed: 35,Unnamed: 36,Unnamed: 37,Unnamed: 38,Unnamed: 39,Unnamed: 40,Unnamed: 41,Unnamed: 42,Unnamed: 43,Unnamed: 44,Unnamed: 45,Unnamed: 46,Unnamed: 47,Unnamed: 48,Unnamed: 49,Unnamed: 50,Unnamed: 51,Unnamed: 52,Unnamed: 53,Unnamed: 54,Unnamed: 55,Unnamed: 56,Unnamed: 57,Unnamed: 58,Unnamed: 59,Unnamed: 60,Unnamed: 61,Unnamed: 62,Unnamed: 63,Unnamed: 64,Unnamed: 65,Unnamed: 66,Unnamed: 67,Unnamed: 68,Unnamed: 69,Unnamed: 70,Unnamed: 71,Unnamed: 72,Unnamed: 73,Unnamed: 74,Unnamed: 75,Unnamed: 76,Unnamed: 77,Unnamed: 78,Unnamed: 79,Unnamed: 80,Unnamed: 81
Exxon Mobil Corp (XOM US) - By Measure,,,,,,,,,,,,,,,,,,,,,,,,,,,,,,,,,,,,,,,,,,,,,,,,,,,,,,,,,,,,,,,,,,,,,,,,,,,,,,,,,
,,,,,,,,,,,,,,,,,,,,,,,,,,,,,,,,,,,,,,,,,,,,,,,,,,,,,,,,,,,,,,,,,,,,,,,,,,,,,,,,,
date,,Q3 2014,,Q4 2014,,Q1 2015,,Q2 2015,,Q3 2015,,Q4 2015,,Q1 2016,,Q2 2016,,Q3 2016,,Q4 2016,,Q1 2017,,Q2 2017,,Q3 2017,,Q4 2017,,Q1 2018,,Q2 2018,,Q3 2018,,Q4 2018,,Q1 2019,,Q2 2019,,Q3 2019,,Q4 2019,,Q1 2020,,Q2 2020,,Q3 2020,,Q4 2020,,Q1 2021,,Q2 2021,,Q3 2021,,Q4 2021,,Q1 2022,,Q2 2022,,Q3 2022,,Q4 2022,,Q1 2023,,Q2 2023,,Q3 2023,,Q4 2023,,Q1 2024,,Q2 2024,
date,,09/30/2014,,12/31/2014,,03/31/2015,,06/30/2015,,09/30/2015,,12/31/2015,,03/31/2016,,06/30/2016,,09/30/2016,,12/31/2016,,03/31/2017,,06/30/2017,,09/30/2017,,12/31/2017,,03/31/2018,,06/30/2018,,09/30/2018,,12/31/2018,,03/31/2019,,06/30/2019,,09/30/2019,,12/31/2019,,03/31/2020,,06/30/2020,,09/30/2020,,12/31/2020,,03/31/2021,,06/30/2021,,09/30/2021,,12/31/2021,,03/31/2022,,06/30/2022,,09/30/2022,,12/31/2022,,03/31/2023,,06/30/2023,,09/30/2023,,12/31/2023,,03/31/2024,,06/30/2024,
Revenue,,103206,1.0,83868,1.0,64758,1.0,71360,1.0,65679,1.0,57691,1.0,47105,1.0,56360,1.0,56767,1.0,58376,1.0,56474,1.0,56026,1.0,59350,1.0,65312,1.0,65436,1.0,71456,1.0,74187,1.0,68253,1.0,61646,1.0,67491,1.0,63422,1.0,63024,1.0,55134,1.0,32277,1.0,45425,1.0,45738,1.0,57552,1.0,65943,1.0,71892,1.0,81305,1.0,87734,1.0,111265,1.0,106512,1.0,93164,1.0,83644,1.0,80795,1.0,88570,1.0,81688,1.0,80411,1.0,89986,1.0
  Energy Products,,—,,—,,—,,—,,—,,—,,—,,—,,—,,—,,—,,—,,—,,—,,—,,—,,—,,—,,—,,—,,—,,—,,—,,—,,—,,—,,—,,48695,0.738496769692742,55293,0.769186895736245,62494,0.769715855205626,—,,87277,0.784463000080894,81539,0.765566905772336,70593,0.757866597958066,64900,0.775990912895319,65073,0.805438657292801,72546,0.819367736251821,65864,0.80653417092196,64212,0.798785873337729,69429,0.771767766031947
    Non-U.S.,,—,,—,,—,,—,,—,,—,,—,,—,,—,,—,,—,,—,,—,,—,,—,,—,,—,,—,,—,,—,,—,,—,,—,,—,,—,,—,,—,,29925,0.453835421153205,34305,0.477220560617653,39286,0.483871365052777,—,,52804,0.474612833349812,50215,0.471466932061441,43419,0.466134175013688,39976,0.477981706223471,38945,0.482040301019903,45295,0.511582466483696,40299,0.493479299070571,39409,0.4902409593591,43014,0.478140527561943
    United States,,—,,—,,—,,—,,—,,—,,—,,—,,—,,—,,—,,—,,—,,—,,—,,—,,—,,—,,—,,—,,—,,—,,—,,—,,—,,—,,—,,18770,0.284661348539537,20988,0.291966335118592,23208,0.285844490152849,—,,34473,0.309850166731082,31324,0.294099973710895,27174,0.291732422944378,24924,0.298009206671848,26128,0.323398356272898,27251,0.307785269768125,25565,0.313054871851389,24803,0.308544913978628,26415,0.293627238470004
  Upstream,,9140,0.0885633169578404,8022,0.0956514481261998,6247,0.0964698251899438,6617,0.0927296168614591,5875,0.0894529287269516,5314,0.0921146145712354,4469,0.0948771840434792,4946,0.0877681756073324,5329,0.0939014290497084,5436,0.0931140801644399,5833,0.103312079348211,5793,0.103424266228665,5915,0.0996848509361781,6316,0.0966961633852843,5989,0.0915427296210813,6135,0.0858714517664185,6857,0.0924447919756249,6536,0.0957613584750854,6497,0.105409176455318,6303,0.0934040692935789,5010,0.0790071279883934,5333,0.0846333296303937,4344,0.0787984327383544,3103,0.096163381678443,3437,0.0756848410111865,3665,0.0801478306508048,4979,0.0863689980571746,5518,0.083684673481149,4367,0.0607498087222647,6933,0.0853912379450924,8999,0.10257959351169,11059,0.0994004871603584,12933,0.121427498403876,12173,0.130685905074774,8157,0.097530938004424,5412,0.0669868303792455,6011,0.0678909858932222,5994,0.0733992138422541,5716,0.0711060246059686,10046,0.111670612821111
    United States,,3773,0.0365590147573229,3293,0.0392645498229339,2125,0.0328154920007412,2231,0.0312648897110345,2115,0.0322030543417026,1770,0.030681759087521,1450,0.0307836018937223,1771,0.0314268983017763,2152,0.0379200366513365,2179,0.037324426173347,2324,0.0411618845200142,2349,0.0419374419767193,2282,0.0384582975209397,2394,0.0366514590158915,2361,0.0360882258532932,2548,0.0356642965119534,2728,0.0367783859573435,2722,0.0398810308704379,2693,0.0436919981828801,2594,0.0384404499044175,1941,0.0306093483883177,2136,0.0338977671274182,1777,0.0322340734291104,1081,0.0335006817900087,1422,0.031313309257465,1596,0.0349020293911826,1885,0.0326984457396614,1726,0.0261761048257454,2072,0.0288238158169298,3200,0.0394132354571319,2656,0.0302757417898708,3958,0.0355752896446965,4163,0.0390862658204079,3802,0.0408172029158212,2770,0.0331201052191068,1673,0.0207074957916625,2587,0.0292187623533132,2470,0.030246255954349,2190,0.0272432109669474,6729,0.0747990796011605
    Non-U.S.,,5367,0.0520043022005174,4729,0.0563868983032659,4122,0.0636543331892025,4386,0.0614647271504246,3760,0.057249874385249,3544,0.0614328554837144,3019,0.0640935821497569,3175,0.056341277305556,3177,0.0559813923983718,3257,0.0557896539910928,3509,0.062150194828197,3444,0.061486824251946,3633,0.0612265534152384,3922,0.0600447043693928,3628,0.0554545037677881,3587,0.050207155254465,4129,0.0556664060182813,3814,0.0558803276046474,3804,0.0617171782724382,3709,0.0549636193891614,3069,0.0483977796000757,3197,0.0507355625029756,2567,0.0465643593092439,2022,0.0626626998884344,2015,0.0443715317537215,2069,0.0452458012596221,3094,0.0536705523175132,3792,0.0575085686554036,2295,0.0319259929053349,3733,0.0459780024879605,6343,0.0723038517218188,7101,0.0638251975156619,8770,0.0823412325834679,8371,0.0898687021589531,5387,0.0644108327853171,3739,0.0462793345875829,3424,0.038672223539909,3524,0.0431529578879052,3526,0.0438628136390212,3317,0.0368715332199509
  Chemical Products,,—,,—,,—,,—,,—,,—,,—,,—,,—,,—,,—,,—,,—,,—,,—,,—,,—,,—,,—,,—,,—,,—,,—,,—,,—,,—,,—,,7279,0.110391579969062,7689,0.106962509563887,7421,0.0914017563523051,—,,7677,0.0690023998489983,6712,0.0630187403763098,5639,0.0605387183698885,5721,0.0684043761583069,5670,0.0701802158629567,5481,0.0619049232541592,5393,0.066039699741621,5840,0.0726485625785264,5833,0.0648392081012883
    Non-U.S.,,—,,—,,—,,—,,—,,—,,—,,—,,—,,—,,—,,—,,—,,—,,—,,—,,—,,—,,—,,—,,—,,—,,—,,—,,—,,—,,—,,4244,0.0643634929782523,4215,0.0586353203032622,4433,0.0545996477442081,—,,4497,0.0404199286337039,4213,0.0395557141247606,3742,0.0401730597872181,3692,0.0441441980032283,3678,0.0455243093375582,3557,0.0401743864285795,3387,0.041475331545498,3646,0.0453555923221416,3620,0.0402396594079657
    United States,,—,,—,,—,,—,,—,,—,,—,,—,,—,,—,,—,,—,,—,,—,,—,,—,,—,,—,,—,,—,,—,,—,,—,,—,,—,,—,,—,,3035,0.0460280869908095,3474,0.0483271892606246,2988,0.036802108608097,—,,3180,0.0285824712152943,2499,0.0234630262515492,1897,0.0203656585826704,2029,0.0242601781550786,1992,0.0246559065253986,1924,0.0217305368255797,2006,0.0245643681961231,2194,0.0272929702563847,2213,0.0245995486933227
  Specialty Products,,—,,—,,—,,—,,—,,—,,—,,—,,—,,—,,—,,—,,—,,—,,—,,—,,—,,—,,—,,—,,—,,—,,—,,—,,—,,—,,—,,4446,0.0674269768570475,4536,0.0631007859776031,4343,0.0534911504969763,—,,5244,0.0471341129097495,5324,0.0499868554474781,4742,0.050908778597271,4857,0.0580737729419501,4637,0.0573942964649965,4501,0.0508363546007974,4412,0.054026915494165,4619,0.0574595394777763,4653,0.0517224130456531
    Non-U.S.,,—,,—,,—,,—,,—,,—,,—,,—,,—,,—,,—,,—,,—,,—,,—,,—,,—,,—,,—,,—,,—,,—,,—,,—,,—,,—,,—,,3204,0.0485911007309897,3309,0.0460318564373652,3091,0.0380707221243734,—,,3591,0.0322766207968937,3709,0.0348236752168851,3249,0.034880350413862,3289,0.0393256411789323,3095,0.0383082483414199,2998,0.0338607845130394,2981,0.0365036797570503,3150,0.0391854404319106,3115,0.0346261157612743
    United States,,—,,—,,—,,—,,—,,—,,—,,—,,—,,—,,—,,—,,—,,—,,—,,—,,—,,—,,—,,—,,—,,—,,—,,—,,—,,—,,—,,1242,0.0188358761260578,1227,0.0170689295402379,1252,0.0154204283726029,—,,1653,0.0148574921128558,1615,0.015163180230593,1493,0.016028428183409,1568,0.0187481317630179,1542,0.0190860481235766,1503,0.0169755700877579,1431,0.0175232357371147,1469,0.0182740990458656,1538,0.0170962972843788
  Corporate & Financing,,3,,1,,2,,2,,2,,2,,2,,7,,16,,-4,,14,,14,,13,,-6,,13,,12,,13,,0,,10,,10,,10,,11,,6,,9,,13,,10,,-96,,5,,7,,114,,7,,8,,4,,17,,9,,3,,31,,25,,24,,25,
  Chemical Prime Product,,10116,0.0980204063835353,8352,0.0995862496571953,6958,0.10744950274878,7451,0.104417164158188,7032,0.107069445924753,6693,0.116018651736033,6184,0.131286754559158,6640,0.117828687026423,6523,0.114940705890645,6711,0.114953751284687,7001,0.123999291533829,6824,0.121831036206527,7044,0.118711765003286,7825,0.119798524143421,8067,0.123305259618177,8245,0.115405072504339,8277,0.111588966484213,7854,0.115071864972968,7200,0.116814848465183,7151,0.105970569493635,6653,0.104917050400555,6412,0.101756780346913,6096,0.110579016107967,4660,0.144415520019834,5846,0.128732493614023,6489,0.141904303708887,7978,0.138391618096031,—,,—,,—,,9763,0.111288428875945,—,,—,,—,,—,,—,,—,,—,,—,,—,
    Non-U.S.,,6196,0.0600370144278752,4783,0.0570307749174288,4166,0.0643338069059238,4663,0.0653465624036548,4314,0.0656850952388203,4111,0.071261418988022,3799,0.0806530369615523,4122,0.0731460614341739,4049,0.0713467604095082,4143,0.0709660842754368,4218,0.0747077577045696,4078,0.0728058273227166,4455,0.0750796299105111,4908,0.0751400838972412,5078,0.0776179631016615,5226,0.0731481999888024,5125,0.0690942918003613,4775,0.0699602947855772,4695,0.0761730157700045,4647,0.0688638283368652,4241,0.0668800857881789,4110,0.0652246361861838,3800,0.0689304890436802,3090,0.0957605057642246,3684,0.0811239320003523,3988,0.0872113365990203,4887,0.0847731057452123,—,,—,,—,,5781,0.0658976141894742,—,,—,,—,,—,,—,,—,,—,,—,,—,
    United States,,3920,0.0379833919556602,3569,0.0425554747397665,2792,0.0431156958428563,2788,0.0390706017545335,2718,0.0413843506859327,2582,0.0447572327480109,2385,0.0506337175976052,2518,0.0446826255922489,2474,0.0435939454811369,2568,0.0439876670092497,2783,0.0492915338292597,2746,0.0490252088838106,2589,0.0436321350927752,2917,0.0446584402461802,2989,0.0456872965165156,3019,0.0422568725155366,3152,0.0424946746838515,3079,0.045111570187391,2505,0.0406418326951781,2504,0.0371067411567701,2412,0.0380369646123762,2302,0.0365321441607287,2296,0.0416485270642868,1570,0.0486550142556093,2162,0.0476085616136704,2501,0.054692967109867,3091,0.0536185123508188,—,,—,,—,,3982,0.0453908146864705,—,,—,,—,,—,,—,,—,,—,,—,,—,
  Downstream,,83947,0.813416276658624,67493,0.804762302216605,51551,0.796080672061276,57290,0.802853218980352,52770,0.803477625348295,45682,0.791866733692732,36450,0.773836061397363,44767,0.794403137366245,44899,0.791157865059647,46233,0.791932168550874,43626,0.77268862911796,43395,0.774744697564808,46378,0.781603384060536,51177,0.783505312471294,51367,0.785152010760742,57064,0.798723475729243,59040,0.795966241540162,53863,0.789166776551946,47939,0.777775975079499,54027,0.800625361212786,51749,0.816075821611052,51268,0.813609890022694,44688,0.810622551153679,24505,0.759421098301723,36129,0.795582665374791,35574,0.777947865640308,44691,0.775239383846794,—,,—,,—,,68965,0.786131977612366,—,,—,,—,,—,,—,,—,,—,,—,,—,
    Non-U.S.,,52580,0.509481313527708,42932,0.511905755541512,33162,0.512106986225215,36496,0.511449311920177,34033,0.518187493338612,30539,0.52937301738633,24937,0.529414262361208,30229,0.536422195801466,29969,0.528078800373562,31230,0.534943473792395,29044,0.514417286574566,28867,0.515371706062987,30955,0.52168124441748,34015,0.520759974279678,34372,0.525380982223377,37406,0.523570908683724,39077,0.526828807938092,36512,0.534950844651517,32297,0.52399571678889,35306,0.523199122716024,33391,0.526572257616855,33466,0.53109675781188,29304,0.531562908141054,16302,0.5052063964299,23862,0.525455826653748,23172,0.506735479356193,28613,0.496339855675826,—,,—,,—,,43609,0.497098954711776,—,,—,,—,,—,,—,,—,,—,,—,,—,
    United States,,31367,0.303934963130917,24561,0.292856546675093,18389,0.283973685836062,20794,0.291403907060175,18737,0.285290132009684,15143,0.262493716306402,11513,0.244421799036155,14538,0.257980941564779,14930,0.263079064686085,15003,0.256988694758479,14582,0.258271342543394,14528,0.259372991501821,15423,0.259922139643056,17162,0.262745338191616,16995,0.259771028537365,19658,0.275152567045518,19963,0.269137433602071,17711,0.25949042532929,15642,0.253780258290609,18721,0.277426238496762,18358,0.289503563994197,17802,0.282513132210814,15384,0.279059643012625,8203,0.254214701871823,12267,0.270126838721043,12402,0.271212386284115,16078,0.278899528170969,—,,—,,—,,25356,0.289033022900589,—,,—,,—,,—,,—,,—,,—,,—,,—,
Intersegment Revenue,,32980,1.0,23958,1.0,17548,1.0,20952,1.0,18059,1.0,16114,1.0,13133,1.0,16259,1.0,15672,1.0,18284,1.0,19065,1.0,17810,1.0,19307,1.0,22630,1.0,25052,1.0,27185,1.0,29151,1.0,25262,1.0,23859,1.0,28534,1.0,24486,1.0,26062,1.0,20820,1.0,11022,1.0,16056,1.0,17873,1.0,22712,1.0,24048,1.0,28088,1.0,31957,1.0,39923,1.0,45034,1.0,40188,1.0,33591,1.0,30183,1.0,29496,1.0,33615,1.0,33401,1.0,33066,1.0,33324,1.0
  Upstream,,12332,0.374707544589955,9109,0.381273282826169,6037,0.345366132723112,7310,0.350062254573317,6248,0.347400611620795,5588,0.348118614502866,4259,0.325736137667304,5906,0.364500401160279,5276,0.337945170381758,6485,0.355888486444957,7189,0.378189278762691,6005,0.338062264257164,7099,0.368664312422102,8371,0.370791991495393,8933,0.357277126744791,9452,0.348332412014004,10739,0.36907584974396,9218,0.365648552161841,9440,0.396538687725783,11017,0.386846448260121,10259,0.420003275198559,11041,0.42455587172191,8660,0.417047917168312,4230,0.385737734816706,7480,0.467470783076058,7780,0.436637108541924,10140,0.447583314941514,11574,0.482330388398066,13745,0.49034996967643,14638,0.458929019312766,17026,0.427080720413385,20713,0.460544747081712,18259,0.455007600488425,15736,0.46938105891126,14355,0.4766094491849,13456,0.457189453655885,15623,0.465302597093162,16519,0.49570879846357,15968,0.484069481917119,16588,0.498842209725438
    Non-U.S.,,10466,0.318009176263255,7519,0.314721024653635,4857,0.277860411899313,6086,0.291447179388947,5266,0.292799555184876,4630,0.288437577871916,3453,0.264091778202677,4989,0.307905943343825,4401,0.281898539584935,5256,0.288442541982219,5899,0.31032668735862,4723,0.265889770872037,5734,0.297777316161197,6579,0.291415662650602,6871,0.274807023157221,7381,0.272010318776488,8536,0.293363577001065,6871,0.272550575168584,7129,0.299462320423423,8376,0.294111450542505,7383,0.30225988700565,7976,0.306698454202876,6387,0.307584878401156,2852,0.26007660040124,5132,0.320729954377851,5271,0.295824447188237,6817,0.300904877510483,7747,0.322845474245708,9371,0.334308444222468,9470,0.296902432906948,10835,0.271785481362565,13533,0.300900500277932,11723,0.292132871489447,9985,0.297837434750186,9399,0.31206215345795,8412,0.285811361783093,10532,0.313676435549202,10639,0.319259392629936,9980,0.302543426198199,11043,0.33209033771389
    United States,,1866,0.0566983683266993,1590,0.0665522581725336,1180,0.0675057208237986,1224,0.0586150751843693,982,0.0546010564359188,958,0.0596810366309494,806,0.0616443594646272,917,0.0565944578164538,875,0.056046630796823,1229,0.0674459444627374,1290,0.0678625914040718,1282,0.0721724933851264,1365,0.0708869962609057,1792,0.0793763288447909,2062,0.0824701035875695,2071,0.0763220932375161,2203,0.0757122727428945,2347,0.0930979769932566,2311,0.0970763673023607,2641,0.0927349977176165,2876,0.117743388192909,3065,0.117857417519034,2273,0.109463038767156,1378,0.125661134415466,2348,0.146740828698206,2509,0.140812661353687,3323,0.146678437431031,3827,0.159484914152359,4374,0.156041525453962,5168,0.162026586405819,6191,0.15529523905082,7180,0.15964424680378,6536,0.162874728998978,5751,0.171543624161074,4956,0.16454729572695,5044,0.171378091872792,5091,0.15162616154396,5880,0.176449405833633,5988,0.18152605571892,5545,0.166751872011548
  Energy Products,,—,,—,,—,,—,,—,,—,,—,,—,,—,,—,,—,,—,,—,,—,,—,,—,,—,,—,,—,,—,,—,,—,,—,,—,,—,,—,,—,,9288,0.387064510751792,10919,0.389533017016874,13565,0.42528843742162,—,,19196,0.426814897165092,17131,0.426898253133644,13957,0.416316181953766,12420,0.412364288322985,12062,0.409826039684697,14010,0.417262330235883,13247,0.39752130596567,13310,0.403492284839482,12932,0.388897242354073
    United States,,—,,—,,—,,—,,—,,—,,—,,—,,—,,—,,—,,—,,—,,—,,—,,—,,—,,—,,—,,—,,—,,—,,—,,—,,—,,—,,—,,4102,0.170945157526254,4132,0.147408226606257,5340,0.167419112114372,—,,8348,0.185614230127849,7580,0.188890827082658,6224,0.18565249813572,5451,0.180982104319533,5074,0.17239739059527,6724,0.200262091970455,6232,0.187012363461769,6558,0.198805590080941,6537,0.196583766878176
    Non-U.S.,,—,,—,,—,,—,,—,,—,,—,,—,,—,,—,,—,,—,,—,,—,,—,,—,,—,,—,,—,,—,,—,,—,,—,,—,,—,,—,,—,,5186,0.216119353225538,6787,0.242124790410617,8225,0.257869325307249,—,,10848,0.241200667037243,9551,0.238007426050986,7733,0.230663683818046,6969,0.231382184003453,6988,0.237428649089427,7286,0.217000238265428,7015,0.210508942503901,6752,0.204686694758541,6395,0.192313475475897
  Chemical Products,,—,,—,,—,,—,,—,,—,,—,,—,,—,,—,,—,,—,,—,,—,,—,,—,,—,,—,,—,,—,,—,,—,,—,,—,,—,,—,,—,,2390,0.0995999333222204,2577,0.091933930291463,2941,0.0922059192375219,—,,4158,0.0924513618677043,3831,0.0954671185426998,3019,0.0900521998508576,2565,0.085162189979747,3061,0.104002446316934,3207,0.0955146533238027,2801,0.0840535349897971,2890,0.087610270712705,2948,0.0886536553092954
    United States,,—,,—,,—,,—,,—,,—,,—,,—,,—,,—,,—,,—,,—,,—,,—,,—,,—,,—,,—,,—,,—,,—,,—,,—,,—,,—,,—,,1461,0.0608851475245874,1479,0.0527630123791517,1708,0.0535490343616754,—,,2558,0.0568760422456921,2579,0.0642677365496274,2177,0.0649366144668158,1788,0.0593645207344201,2084,0.0708072845882033,2231,0.0664462711460567,1888,0.0566558636418197,1865,0.0565374238336314,1950,0.0586413255946832
    Non-U.S.,,—,,—,,—,,—,,—,,—,,—,,—,,—,,—,,—,,—,,—,,—,,—,,—,,—,,—,,—,,—,,—,,—,,—,,—,,—,,—,,—,,929,0.0387147857976329,1098,0.0391709179123114,1233,0.0386568848758465,—,,1600,0.0355753196220122,1252,0.0311993819930723,842,0.0251155853840418,777,0.0257976692453269,977,0.0331951617287306,976,0.029068382177746,913,0.0273976713479774,1025,0.0310728468790736,998,0.0300123297146122
  Specialty Products,,—,,—,,—,,—,,—,,—,,—,,—,,—,,—,,—,,—,,—,,—,,—,,—,,—,,—,,—,,—,,—,,—,,—,,—,,—,,—,,—,,744,0.0310051675279213,790,0.0281830830152331,752,0.0235766240280913,—,,908,0.0201889938854919,908,0.0226270278352314,813,0.0242505592841163,779,0.0258640725123676,853,0.0289820603424844,736,0.0219204193471527,757,0.0227163605809627,819,0.0248279625306939,785,0.023606892611193
    United States,,—,,—,,—,,—,,—,,—,,—,,—,,—,,—,,—,,—,,—,,—,,—,,—,,—,,—,,—,,—,,—,,—,,—,,—,,—,,—,,—,,584,0.0243373895649275,578,0.0206200278263351,535,0.0167732631050915,—,,713,0.0158532518065592,662,0.0164967978270079,653,0.0194780014914243,680,0.0225771107938511,684,0.0232400108725197,594,0.0176912080057184,612,0.0183651422398272,655,0.0198563070300421,634,0.019065948936938
    Non-U.S.,,—,,—,,—,,—,,—,,—,,—,,—,,—,,—,,—,,—,,—,,—,,—,,—,,—,,—,,—,,—,,—,,—,,—,,—,,—,,—,,—,,160,0.00666777796299383,212,0.00756305518889801,217,0.00680336092299975,—,,195,0.00433574207893274,246,0.00613023000822348,160,0.00477255779269202,99,0.00328696171851655,169,0.00574204946996466,142,0.00422921134143436,145,0.00435121834113552,164,0.00497165550065177,151,0.00454094367425495
  Corporate & Financing,,69,,67,,68,,70,,74,,62,,58,,56,,60,,62,,56,,47,,51,,54,,49,,50,,54,,52,,53,,55,,60,,56,,55,,56,,55,,55,,57,,52,,57,,61,,57,,59,,59,,66,,64,,64,,39,,77,,79,,71,
  Chemical Prime Product,,5103,0.155054541034912,3201,0.133983508434138,3094,0.177002288329519,3496,0.167416914088689,3238,0.180038921323325,2782,0.173311736855221,2356,0.18019120458891,2864,0.176757390606678,2658,0.170253651037663,2737,0.150203051256723,2960,0.155715713609343,2949,0.166019253504476,3157,0.163948899044454,3754,0.16628277817151,4037,0.161460624725033,4323,0.159314538419016,4249,0.146028800219954,3652,0.144863149543832,3436,0.144333361337478,4152,0.145791635942273,2902,0.118807827724556,3279,0.126086287779743,3029,0.145870455092704,1928,0.175816159037024,2375,0.148428223236048,2648,0.148613761364912,3181,0.140410505407195,—,,—,,—,,5076,0.127326543922139,—,,—,,—,,—,,—,,—,,—,,—,,—,
    Non-U.S.,,2328,0.0707362280088724,1046,0.0437821773889749,1321,0.0755720823798627,1362,0.065223637582607,1380,0.0767306088407006,1105,0.0688387739845502,952,0.072810707456979,1078,0.06653088934148,1043,0.066807583909813,1138,0.062451981121721,1190,0.0626019254037561,1104,0.0621516635703428,1482,0.0769630245118405,1774,0.0785790219702339,1843,0.0737111546614406,1973,0.0727105214667404,1841,0.0632711276076571,1560,0.0618802062673542,1547,0.0649836175754012,1583,0.0555848168826153,1413,0.0578481945467944,1362,0.0523725294162885,1263,0.0608235010835541,708,0.0645631953310232,895,0.0559340041247422,1015,0.0569648669884387,1231,0.0543367909953653,—,,—,,—,,2213,0.0555109617217679,—,,—,,—,,—,,—,,—,,—,,—,,—,
    United States,,2775,0.0843183130260399,2155,0.0902013310451635,1773,0.101430205949657,2134,0.102193276506082,1858,0.103308312482624,1677,0.10447296287067,1404,0.107380497131931,1786,0.110226501265198,1615,0.10344606712785,1599,0.0877510701350016,1770,0.0931137882055868,1845,0.103867589934133,1675,0.0869858745326132,1980,0.0877037562012757,2194,0.0877494700635924,2350,0.0866040169522757,2408,0.0827576726122968,2097,0.0831812772709242,1889,0.0793497437620768,2569,0.090206819059658,1489,0.0609596331777614,1917,0.0737137583634546,1766,0.08504695400915,1220,0.111252963706,1480,0.0924942191113055,1633,0.0916488943764732,1950,0.0860737144118296,—,,—,,—,,2863,0.0718155822003713,—,,—,,—,,—,,—,,—,,—,,—,,—,
  Downstream,,15476,0.470237914375133,11581,0.484743208739693,8349,0.477631578947368,10076,0.482520831337994,8499,0.47256046705588,7682,0.478569648641914,6460,0.494072657743786,7433,0.458742208233043,7678,0.491801178580579,9000,0.493908462298321,8860,0.466095007627966,8809,0.495918482238361,9000,0.467386788533444,10451,0.462925230333097,12033,0.481262248530176,13360,0.49235304956698,14109,0.484895350036086,12340,0.489488298294328,10930,0.459127950936739,13310,0.467361915797605,11265,0.461188897076885,11686,0.449357840498347,9076,0.437081627738984,4808,0.43844610614627,6146,0.384100993687895,7390,0.414749130093164,9334,0.412006179651291,—,,—,,—,,17764,0.445592735664476,—,,—,,—,,—,,—,,—,,—,,—,,—,
    Non-U.S.,,11086,0.336847862416821,7746,0.324222510568833,5273,0.301659038901602,6527,0.312565846183316,5424,0.301584653878232,4942,0.307874408173436,4070,0.311281070745698,4541,0.280256742578535,4903,0.314053292339226,5261,0.288716935572385,5214,0.274291125256457,4968,0.279682486066543,5866,0.30463232239302,6215,0.275292345854004,7089,0.283525976882774,7611,0.28048645660586,8275,0.284393580094168,6913,0.274216580721936,6169,0.259136352180123,6568,0.230626075353769,5826,0.238516335052813,6212,0.238867953549181,5124,0.246761377317602,2752,0.250957505015502,3334,0.208361977376414,3952,0.221798181614098,5381,0.237519311410285,—,,—,,—,,9503,0.238373551397181,—,,—,,—,,—,,—,,—,,—,,—,,—,
    United States,,4390,0.133390051958312,3835,0.160520698170859,3076,0.175972540045767,3549,0.169954985154679,3075,0.170975813177648,2740,0.170695240468477,2390,0.182791586998088,2892,0.178485465654508,2775,0.177747886241353,3739,0.205191526725936,3646,0.191803882371508,3841,0.216235996171818,3134,0.162754466140424,4236,0.187632884479093,4944,0.197736271647402,5749,0.21186659296112,5834,0.200501769941918,5427,0.215271717572392,4761,0.199991598756616,6742,0.236735840443836,5439,0.222672562024073,5474,0.210489886949166,3952,0.190320250421382,2056,0.187488601130768,2812,0.175739016311481,3438,0.192950948479066,3953,0.174486868241006,—,,—,,—,,8261,0.207219184267295,—,,—,,—,,—,,—,,—,,—,,—,,—,
Revenue Including Intersegment Revenue,,136186,1.0,106579,1.0,64758,1.0,92312,1.0,83738,1.0,73805,1.0,47105,1.0,56360,1.0,56767,1.0,58680,1.0,19065,1.0,56026,1.0,59350,1.0,87942,1.0,65436,1.0,98641,1.0,103338,1.0,93515,1.0,85505,1.0,96025,1.0,87908,1.0,89086,1.0,55134,1.0,43299,1.0,61481,1.0,45738,1.0,57552,1.0,65943,1.0,71892,1.0,-90214,,87734,1.0,111265,1.0,106512,1.0,93164,1.0,83644,1.0,80795,1.0,88570,1.0,81688,1.0,80411,1.0,89986,1.0
  Energy Products,,—,,—,,—,,—,,—,,—,,—,,—,,—,,—,,—,,—,,—,,—,,—,,—,,—,,—,,—,,—,,—,,—,,—,,—,,—,,—,,—,,48695,0.738496769692742,55293,0.769186895736245,-104580,1.15633396357847,—,,87277,0.784463000080894,81539,0.765566905772336,70593,0.757866597958066,64900,0.775990912895319,65073,0.805438657292801,72546,0.819367736251821,65794,0.80636819334992,64212,0.798785873337729,69429,0.771767766031947
    Non-U.S.,,—,,—,,—,,—,,—,,—,,—,,—,,—,,—,,—,,—,,—,,—,,—,,—,,—,,—,,—,,—,,—,,—,,—,,—,,—,,—,,—,,29925,0.453835421153205,34305,0.477220560617653,-66023,0.730011830917394,—,,52804,0.474612833349812,50215,0.471466932061441,43419,0.466134175013688,39976,0.477981706223471,38945,0.482040301019903,45295,0.511582466483696,40229,0.493044746485605,39409,0.4902409593591,43014,0.478140527561943
    United States,,—,,—,,—,,—,,—,,—,,—,,—,,—,,—,,—,,—,,—,,—,,—,,—,,—,,—,,—,,—,,—,,—,,—,,—,,—,,—,,—,,18770,0.284661348539537,20988,0.291966335118592,-38557,0.426322132661072,—,,34473,0.309850166731082,31324,0.294099973710895,27174,0.291732422944378,24924,0.298009206671848,26128,0.323398356272898,27251,0.307785269768125,25565,0.313323446864314,24803,0.308544913978628,26415,0.293627238470004
  Upstream,,21472,0.157750121221917,15884,0.149130136793383,6247,0.0964698251899438,13927,0.150986556808326,12123,0.144904496665153,10902,0.147841770521148,4469,0.0948771840434792,4946,0.0877681756073324,5329,0.0939014290497084,11571,0.197383234962983,7189,0.378189278762691,5793,0.103424266228665,5915,0.0996848509361781,14687,0.167099005620406,5989,0.0915427296210813,15587,0.158116840300673,17596,0.170386652593661,15754,0.168558680975359,15937,0.186524191849442,17320,0.180491871613172,15269,0.173831371388237,16374,0.183938260371381,4344,0.0787984327383544,7333,0.169611879539251,10917,0.177763665673392,3665,0.0801478306508048,4979,0.0863689980571746,5518,0.083684673481149,4367,0.0607498087222647,35233,-0.389568890215721,8999,0.10257959351169,11059,0.0994004871603584,12933,0.121427498403876,12173,0.130685905074774,8157,0.097530938004424,5412,0.0669868303792455,6011,0.0678909858932222,5994,0.0734621842560024,5716,0.0711060246059686,10046,0.111670612821111
    United States,,5639,0.0414285084561471,3636,0.0341373191501347,2125,0.0328154920007412,3455,0.0374566348655681,3097,0.0370180010040401,2728,0.036994345072619,1450,0.0307836018937223,1771,0.0314268983017763,2152,0.0379200366513365,3408,0.0581351710961755,1290,0.0678625914040718,2349,0.0419374419767193,2282,0.0384582975209397,4186,0.0476255489566978,2361,0.0360882258532932,4619,0.0468558212195295,4931,0.0477481577596808,5069,0.0542353658667066,5004,0.058566044802322,5235,0.0545539808253439,4817,0.0548395910653703,5201,0.0584257293386805,1777,0.0322340734291104,2459,0.0568765323587917,3770,0.0613876540797551,1596,0.0349020293911826,1885,0.0326984457396614,1726,0.0261761048257454,2072,0.0288238158169298,11009,-0.121725765968974,2656,0.0302757417898708,3958,0.0355752896446965,4163,0.0390862658204079,3802,0.0408172029158212,2770,0.0331201052191068,1673,0.0207074957916625,2587,0.0292187623533132,2470,0.0302722047234444,2190,0.0272432109669474,6729,0.0747990796011605
    Non-U.S.,,15833,0.11632161276577,12248,0.114992817643248,4122,0.0636543331892025,10472,0.113529921942758,9026,0.107886495661113,8174,0.110847425448529,3019,0.0640935821497569,3175,0.056341277305556,3177,0.0559813923983718,8163,0.139248063866808,5899,0.31032668735862,3444,0.061486824251946,3633,0.0612265534152384,10501,0.119473456663709,3628,0.0554545037677881,10968,0.111261019081143,12665,0.12263849483398,10685,0.114323315108653,10933,0.12795814704712,12085,0.125937890787828,10452,0.118991780322867,11173,0.125512531032701,2567,0.0465643593092439,4874,0.11273534718046,7147,0.116376011593637,2069,0.0452458012596221,3094,0.0536705523175132,3792,0.0575085686554036,2295,0.0319259929053349,24224,-0.267843124246747,6343,0.0723038517218188,7101,0.0638251975156619,8770,0.0823412325834679,8371,0.0898687021589531,5387,0.0644108327853171,3739,0.0462793345875829,3424,0.038672223539909,3524,0.0431899795325579,3526,0.0438628136390212,3317,0.0368715332199509
  Chemical Products,,—,,—,,—,,—,,—,,—,,—,,—,,—,,—,,—,,—,,—,,—,,—,,—,,—,,—,,—,,—,,—,,—,,—,,—,,—,,—,,—,,7279,0.110391579969062,7689,0.106962509563887,-11132,0.123085768622638,—,,7677,0.0690023998489983,6712,0.0630187403763098,5639,0.0605387183698885,5721,0.0684043761583069,5670,0.0701802158629567,5481,0.0619049232541592,5393,0.0660963563050752,5840,0.0726485625785264,5833,0.0648392081012883
    Non-U.S.,,—,,—,,—,,—,,—,,—,,—,,—,,—,,—,,—,,—,,—,,—,,—,,—,,—,,—,,—,,—,,—,,—,,—,,—,,—,,—,,—,,4244,0.0643634929782523,4215,0.0586353203032622,-8118,0.0897601751418052,—,,4497,0.0404199286337039,4213,0.0395557141247606,3742,0.0401730597872181,3692,0.0441441980032283,3678,0.0455243093375582,3557,0.0401743864285795,3387,0.0415109139264398,3646,0.0453555923221416,3620,0.0402396594079657
    United States,,—,,—,,—,,—,,—,,—,,—,,—,,—,,—,,—,,—,,—,,—,,—,,—,,—,,—,,—,,—,,—,,—,,—,,—,,—,,—,,—,,3035,0.0460280869908095,3474,0.0483271892606246,-3014,0.0333255934808328,—,,3180,0.0285824712152943,2499,0.0234630262515492,1897,0.0203656585826704,2029,0.0242601781550786,1992,0.0246559065253986,1924,0.0217305368255797,2006,0.0245854423786354,2194,0.0272929702563847,2213,0.0245995486933227
  Specialty Products,,—,,—,,—,,—,,—,,—,,—,,—,,—,,—,,—,,—,,—,,—,,—,,—,,—,,—,,—,,—,,—,,—,,—,,—,,—,,—,,—,,4446,0.0674269768570475,4536,0.0631007859776031,-9962,0.110149158014617,—,,5244,0.0471341129097495,5324,0.0499868554474781,4742,0.050908778597271,4857,0.0580737729419501,4637,0.0573942964649965,4501,0.0508363546007974,4412,0.0540732660890027,4619,0.0574595394777763,4653,0.0517224130456531
    Non-U.S.,,—,,—,,—,,—,,—,,—,,—,,—,,—,,—,,—,,—,,—,,—,,—,,—,,—,,—,,—,,—,,—,,—,,—,,—,,—,,—,,—,,3204,0.0485911007309897,3309,0.0460318564373652,-8549,0.0945257128957,—,,3591,0.0322766207968937,3709,0.0348236752168851,3249,0.034880350413862,3289,0.0393256411789323,3095,0.0383082483414199,2998,0.0338607845130394,2981,0.0365349968747319,3150,0.0391854404319106,3115,0.0346261157612743
    United States,,—,,—,,—,,—,,—,,—,,—,,—,,—,,—,,—,,—,,—,,—,,—,,—,,—,,—,,—,,—,,—,,—,,—,,—,,—,,—,,—,,1242,0.0188358761260578,1227,0.0170689295402379,-1413,0.0156234451189173,—,,1653,0.0148574921128558,1615,0.015163180230593,1493,0.016028428183409,1568,0.0187481317630179,1542,0.0190860481235766,1503,0.0169755700877579,1431,0.0175382692142708,1469,0.0182740990458656,1538,0.0170962972843788
  Corporate & Financing,,72,,68,,2,,72,,76,,64,,2,,7,,16,,58,,56,,14,,13,,48,,13,,62,,67,,52,,63,,65,,70,,67,,6,,65,,68,,10,,-96,,5,,7,,227,,7,,8,,4,,17,,9,,3,,31,,95,,24,,25,
  Chemical Prime Product,,15219,0.111810688099681,11553,0.108467670005915,6958,0.10744950274878,10947,0.118679531656548,10270,0.122755850923956,9475,0.128490256438074,6184,0.131286754559158,6640,0.117828687026423,6523,0.114940705890645,8781,0.149790181160656,2960,0.155715713609343,6824,0.121831036206527,7044,0.118711765003286,11579,0.131738230140851,8067,0.123305259618177,12568,0.127491656437984,12526,0.121292521617879,11506,0.123107539882092,10636,0.124482104819644,11303,0.117788661942476,9555,0.108779799175755,9691,0.108864399734888,6096,0.110579016107967,6588,0.152380071240228,8221,0.133864165567551,6489,0.141904303708887,7978,0.138391618096031,—,,—,,—,,9763,0.111288428875945,—,,—,,—,,—,,—,,—,,—,,—,,—,
    Non-U.S.,,8524,0.062623976960489,5829,0.0547267418388711,4166,0.0643338069059238,6025,0.0653187337380746,5694,0.0680595730439148,5216,0.0707340556813713,3799,0.0806530369615523,4122,0.0731460614341739,4049,0.0713467604095082,4615,0.0787247108594043,1190,0.0626019254037561,4078,0.0728058273227166,4455,0.0750796299105111,6682,0.0760233918128655,5078,0.0776179631016615,7199,0.0730277239574351,6966,0.0674535929738262,6335,0.0677808330569316,6242,0.0730554060064137,6230,0.064922884535223,5654,0.0643684965504679,5472,0.0614700232534627,3800,0.0689304890436802,3798,0.0878475274089837,4579,0.0745607607509811,3988,0.0872113365990203,4887,0.0847731057452123,—,,—,,—,,5781,0.0658976141894742,—,,—,,—,,—,,—,,—,,—,,—,,—,
    United States,,6695,0.0491867111391921,5724,0.0537409281670438,2792,0.0431156958428563,4922,0.0533607979184735,4576,0.0546962778800411,4259,0.0577562007567025,2385,0.0506337175976052,2518,0.0446826255922489,2474,0.0435939454811369,4166,0.0710654703012521,1770,0.0931137882055868,2746,0.0490252088838106,2589,0.0436321350927752,4897,0.055714838327986,2989,0.0456872965165156,5369,0.0544639324805486,5560,0.053838928644053,5171,0.0553267068251607,4394,0.05142669881323,5073,0.052865777407253,3901,0.0444113026252875,4219,0.0473943764814253,2296,0.0416485270642868,2790,0.0645325438312439,3642,0.0593034048165698,2501,0.054692967109867,3091,0.0536185123508188,—,,—,,—,,3982,0.0453908146864705,—,,—,,—,,—,,—,,—,,—,,—,,—,
  Downstream,,99423,0.730439190678402,79074,0.742402193200702,51551,0.796080672061276,67366,0.730333911535126,61269,0.732339652410891,53364,0.723667973040778,36450,0.773836061397363,44767,0.794403137366245,44899,0.791157865059647,38270,0.65282658387636,8860,0.466095007627966,43395,0.774744697564808,46378,0.781603384060536,61628,0.701162764238742,51367,0.785152010760742,70424,0.714391503261344,73149,0.708320825788459,66203,0.708333779142548,58869,0.688993703330915,67337,0.701719466444352,63014,0.717388829436007,62954,0.707197339893731,44688,0.810622551153679,29313,0.678008049220521,42275,0.688372168759057,35574,0.777947865640308,44691,0.775239383846794,—,,—,,—,,68965,0.786131977612366,—,,—,,—,,—,,—,,—,,—,,—,,—,
    Non-U.S.,,63666,0.467740276532906,50678,0.475800621532048,33162,0.512106986225215,43023,0.466424544666088,39457,0.471623915278143,35481,0.481157022551905,24937,0.529414262361208,30229,0.536422195801466,29969,0.528078800373562,22882,0.390331274947972,5214,0.274291125256457,28867,0.515371706062987,30955,0.52168124441748,40230,0.457710423919721,34372,0.525380982223377,45017,0.456659126183061,47352,0.45852175344482,43065,0.460770572312038,38466,0.450200135764612,41874,0.436369320550229,39217,0.446469637286824,39678,0.445725069928892,29304,0.531562908141054,19054,0.440717953462553,27196,0.442837835637406,23172,0.506735479356193,28613,0.496339855675826,—,,—,,—,,43609,0.497098954711776,—,,—,,—,,—,,—,,—,,—,,—,,—,
    United States,,35757,0.262698914145496,28396,0.266601571668654,18389,0.283973685836062,24343,0.263909366869037,21812,0.260715737132748,17883,0.242510950488873,11513,0.244421799036155,14538,0.257980941564779,14930,0.263079064686085,15388,0.262495308928389,3646,0.191803882371508,14528,0.259372991501821,15423,0.259922139643056,21398,0.243452340319021,16995,0.259771028537365,25407,0.257732377078282,25797,0.24979907234364,23138,0.24756320683051,20403,0.238793567566302,25463,0.265350145894123,23797,0.270919192149184,23276,0.261472269964839,15384,0.279059643012625,10259,0.237290095757968,15079,0.245534333121652,12402,0.271212386284115,16078,0.278899528170969,—,,—,,—,,25356,0.289033022900589,—,,—,,—,,—,,—,,—,,—,,—,,—,
Interest Expense,,—,,—,,—,,—,,—,,—,,—,,—,,—,,—,,—,,—,,—,,—,,—,,—,,—,,—,,—,,—,,—,,—,,—,,—,,—,,—,,—,,—,,—,,947,1.0,—,,—,,—,,—,,—,,—,,—,,—,,—,,—,
  Energy Products,,—,,—,,—,,—,,—,,—,,—,,—,,—,,—,,—,,—,,—,,—,,—,,—,,—,,—,,—,,—,,—,,—,,—,,—,,—,,—,,—,,—,,—,,7,0.0679611650485437,—,,—,,—,,—,,—,,—,,—,,—,,—,,—,
    United States,,—,,—,,—,,—,,—,,—,,—,,—,,—,,—,,—,,—,,—,,—,,—,,—,,—,,—,,—,,—,,—,,—,,—,,—,,—,,—,,—,,—,,—,,1,0.00970873786407767,—,,—,,—,,—,,—,,—,,—,,—,,—,,—,
    Non-U.S.,,—,,—,,—,,—,,—,,—,,—,,—,,—,,—,,—,,—,,—,,—,,—,,—,,—,,—,,—,,—,,—,,—,,—,,—,,—,,—,,—,,—,,—,,6,0.058252427184466,—,,—,,—,,—,,—,,—,,—,,—,,—,,—,
  Specialty Products,,—,,—,,—,,—,,—,,—,,—,,—,,—,,—,,—,,—,,—,,—,,—,,—,,—,,—,,—,,—,,—,,—,,—,,—,,—,,—,,—,,—,,—,,1,0.00970873786407767,—,,—,,—,,—,,—,,—,,—,,—,,—,,—,
    Non-U.S.,,—,,—,,—,,—,,—,,—,,—,,—,,—,,—,,—,,—,,—,,—,,—,,—,,—,,—,,—,,—,,—,,—,,—,,—,,—,,—,,—,,—,,—,,1,0.00970873786407767,—,,—,,—,,—,,—,,—,,—,,—,,—,,—,
    United States,,—,,—,,—,,—,,—,,—,,—,,—,,—,,—,,—,,—,,—,,—,,—,,—,,—,,—,,—,,—,,—,,—,,—,,—,,—,,—,,—,,—,,—,,0,,—,,—,,—,,—,,—,,—,,—,,—,,—,,—,
  Chemical Products,,—,,—,,—,,—,,—,,—,,—,,—,,—,,—,,—,,—,,—,,—,,—,,—,,—,,—,,—,,—,,—,,—,,—,,—,,—,,—,,—,,—,,—,,1,0.00970873786407767,—,,—,,—,,—,,—,,—,,—,,—,,—,,—,
    Non-U.S.,,—,,—,,—,,—,,—,,—,,—,,—,,—,,—,,—,,—,,—,,—,,—,,—,,—,,—,,—,,—,,—,,—,,—,,—,,—,,—,,—,,—,,—,,1,0.00970873786407767,—,,—,,—,,—,,—,,—,,—,,—,,—,,—,
    United States,,—,,—,,—,,—,,—,,—,,—,,—,,—,,—,,—,,—,,—,,—,,—,,—,,—,,—,,—,,—,,—,,—,,—,,—,,—,,—,,—,,—,,—,,0,,—,,—,,—,,—,,—,,—,,—,,—,,—,,—,
  Upstream,,—,,—,,—,,—,,—,,—,,—,,—,,—,,—,,—,,—,,—,,—,,—,,—,,—,,—,,—,,—,,—,,—,,—,,—,,—,,—,,—,,—,,—,,94,0.912621359223301,—,,—,,—,,—,,—,,—,,—,,—,,—,,—,
    United States,,—,,—,,—,,—,,—,,—,,—,,—,,—,,—,,—,,—,,—,,—,,—,,—,,—,,—,,—,,—,,—,,—,,—,,—,,—,,—,,—,,—,,—,,58,0.563106796116505,—,,—,,—,,—,,—,,—,,—,,—,,—,,—,
    Non-U.S.,,—,,—,,—,,—,,—,,—,,—,,—,,—,,—,,—,,—,,—,,—,,—,,—,,—,,—,,—,,—,,—,,—,,—,,—,,—,,—,,—,,—,,—,,36,0.349514563106796,—,,—,,—,,—,,—,,—,,—,,—,,—,,—,
  Corporate & Financing,,—,,—,,—,,—,,—,,—,,—,,—,,—,,—,,—,,—,,—,,—,,—,,—,,—,,—,,—,,—,,—,,—,,—,,—,,—,,—,,—,,—,,—,,844,,—,,—,,—,,—,,—,,—,,—,,—,,—,,—,
Interest Income,,—,,—,,—,,—,,—,,—,,—,,—,,—,,—,,—,,—,,—,,—,,—,,—,,—,,—,,—,,—,,—,,—,,—,,—,,—,,—,,—,,—,,—,,33,1.0,—,,—,,—,,—,,—,,—,,—,,—,,—,,—,
  Energy Products,,—,,—,,—,,—,,—,,—,,—,,—,,—,,—,,—,,—,,—,,—,,—,,—,,—,,—,,—,,—,,—,,—,,—,,—,,—,,—,,—,,—,,—,,0,,—,,—,,—,,—,,—,,—,,—,,—,,—,,—,
    United States,,—,,—,,—,,—,,—,,—,,—,,—,,—,,—,,—,,—,,—,,—,,—,,—,,—,,—,,—,,—,,—,,—,,—,,—,,—,,—,,—,,—,,—,,0,,—,,—,,—,,—,,—,,—,,—,,—,,—,,—,
    Non-U.S.,,—,,—,,—,,—,,—,,—,,—,,—,,—,,—,,—,,—,,—,,—,,—,,—,,—,,—,,—,,—,,—,,—,,—,,—,,—,,—,,—,,—,,—,,0,,—,,—,,—,,—,,—,,—,,—,,—,,—,,—,
  Specialty Products,,—,,—,,—,,—,,—,,—,,—,,—,,—,,—,,—,,—,,—,,—,,—,,—,,—,,—,,—,,—,,—,,—,,—,,—,,—,,—,,—,,—,,—,,0,,—,,—,,—,,—,,—,,—,,—,,—,,—,,—,
    Non-U.S.,,—,,—,,—,,—,,—,,—,,—,,—,,—,,—,,—,,—,,—,,—,,—,,—,,—,,—,,—,,—,,—,,—,,—,,—,,—,,—,,—,,—,,—,,0,,—,,—,,—,,—,,—,,—,,—,,—,,—,,—,
    United States,,—,,—,,—,,—,,—,,—,,—,,—,,—,,—,,—,,—,,—,,—,,—,,—,,—,,—,,—,,—,,—,,—,,—,,—,,—,,—,,—,,—,,—,,0,,—,,—,,—,,—,,—,,—,,—,,—,,—,,—,
  Chemical Products,,—,,—,,—,,—,,—,,—,,—,,—,,—,,—,,—,,—,,—,,—,,—,,—,,—,,—,,—,,—,,—,,—,,—,,—,,—,,—,,—,,—,,—,,0,,—,,—,,—,,—,,—,,—,,—,,—,,—,,—,
    Non-U.S.,,—,,—,,—,,—,,—,,—,,—,,—,,—,,—,,—,,—,,—,,—,,—,,—,,—,,—,,—,,—,,—,,—,,—,,—,,—,,—,,—,,—,,—,,0,,—,,—,,—,,—,,—,,—,,—,,—,,—,,—,
    United States,,—,,—,,—,,—,,—,,—,,—,,—,,—,,—,,—,,—,,—,,—,,—,,—,,—,,—,,—,,—,,—,,—,,—,,—,,—,,—,,—,,—,,—,,0,,—,,—,,—,,—,,—,,—,,—,,—,,—,,—,
  Upstream,,—,,—,,—,,—,,—,,—,,—,,—,,—,,—,,—,,—,,—,,—,,—,,—,,—,,—,,—,,—,,—,,—,,—,,—,,—,,—,,—,,—,,—,,0,,—,,—,,—,,—,,—,,—,,—,,—,,—,,—,
    United States,,—,,—,,—,,—,,—,,—,,—,,—,,—,,—,,—,,—,,—,,—,,—,,—,,—,,—,,—,,—,,—,,—,,—,,—,,—,,—,,—,,—,,—,,0,,—,,—,,—,,—,,—,,—,,—,,—,,—,,—,
    Non-U.S.,,—,,—,,—,,—,,—,,—,,—,,—,,—,,—,,—,,—,,—,,—,,—,,—,,—,,—,,—,,—,,—,,—,,—,,—,,—,,—,,—,,—,,—,,0,,—,,—,,—,,—,,—,,—,,—,,—,,—,,—,
  Corporate & Financing,,—,,—,,—,,—,,—,,—,,—,,—,,—,,—,,—,,—,,—,,—,,—,,—,,—,,—,,—,,—,,—,,—,,—,,—,,—,,—,,—,,—,,—,,33,,—,,—,,—,,—,,—,,—,,—,,—,,—,,—,
Income Taxes,,—,,—,,—,,—,,—,,—,,—,,—,,—,,—,,—,,—,,—,,—,,—,,—,,—,,—,,—,,—,,—,,—,,—,,—,,—,,—,,—,,—,,—,,7636,1.0,—,,—,,—,,—,,—,,—,,—,,—,,—,,—,
  Energy Products,,—,,—,,—,,—,,—,,—,,—,,—,,—,,—,,—,,—,,—,,—,,—,,—,,—,,—,,—,,—,,—,,—,,—,,—,,—,,—,,—,,—,,—,,-9,-0.00103567318757192,—,,—,,—,,—,,—,,—,,—,,—,,—,,—,
    United States,,—,,—,,—,,—,,—,,—,,—,,—,,—,,—,,—,,—,,—,,—,,—,,—,,—,,—,,—,,—,,—,,—,,—,,—,,—,,—,,—,,—,,—,,156,0.01795166858458,—,,—,,—,,—,,—,,—,,—,,—,,—,,—,
    Non-U.S.,,—,,—,,—,,—,,—,,—,,—,,—,,—,,—,,—,,—,,—,,—,,—,,—,,—,,—,,—,,—,,—,,—,,—,,—,,—,,—,,—,,—,,—,,-165,-0.0189873417721519,—,,—,,—,,—,,—,,—,,—,,—,,—,,—,
  Specialty Products,,—,,—,,—,,—,,—,,—,,—,,—,,—,,—,,—,,—,,—,,—,,—,,—,,—,,—,,—,,—,,—,,—,,—,,—,,—,,—,,—,,—,,—,,793,0.0912543153049482,—,,—,,—,,—,,—,,—,,—,,—,,—,,—,
    Non-U.S.,,—,,—,,—,,—,,—,,—,,—,,—,,—,,—,,—,,—,,—,,—,,—,,—,,—,,—,,—,,—,,—,,—,,—,,—,,—,,—,,—,,—,,—,,329,0.0378596087456847,—,,—,,—,,—,,—,,—,,—,,—,,—,,—,
    United States,,—,,—,,—,,—,,—,,—,,—,,—,,—,,—,,—,,—,,—,,—,,—,,—,,—,,—,,—,,—,,—,,—,,—,,—,,—,,—,,—,,—,,—,,464,0.0533947065592635,—,,—,,—,,—,,—,,—,,—,,—,,—,,—,
  Chemical Products,,—,,—,,—,,—,,—,,—,,—,,—,,—,,—,,—,,—,,—,,—,,—,,—,,—,,—,,—,,—,,—,,—,,—,,—,,—,,—,,—,,—,,—,,1919,0.220828538550058,—,,—,,—,,—,,—,,—,,—,,—,,—,,—,
    Non-U.S.,,—,,—,,—,,—,,—,,—,,—,,—,,—,,—,,—,,—,,—,,—,,—,,—,,—,,—,,—,,—,,—,,—,,—,,—,,—,,—,,—,,—,,—,,684,0.0787111622554661,—,,—,,—,,—,,—,,—,,—,,—,,—,,—,
    United States,,—,,—,,—,,—,,—,,—,,—,,—,,—,,—,,—,,—,,—,,—,,—,,—,,—,,—,,—,,—,,—,,—,,—,,—,,—,,—,,—,,—,,—,,1235,0.142117376294591,—,,—,,—,,—,,—,,—,,—,,—,,—,,—,
  Upstream,,—,,—,,—,,—,,—,,—,,—,,—,,—,,—,,—,,—,,—,,—,,—,,—,,—,,—,,—,,—,,—,,—,,—,,—,,—,,—,,—,,—,,—,,5987,0.688952819332566,—,,—,,—,,—,,—,,—,,—,,—,,—,,—,
    United States,,—,,—,,—,,—,,—,,—,,—,,—,,—,,—,,—,,—,,—,,—,,—,,—,,—,,—,,—,,—,,—,,—,,—,,—,,—,,—,,—,,—,,—,,1116,0.128423475258918,—,,—,,—,,—,,—,,—,,—,,—,,—,,—,
    Non-U.S.,,—,,—,,—,,—,,—,,—,,—,,—,,—,,—,,—,,—,,—,,—,,—,,—,,—,,—,,—,,—,,—,,—,,—,,—,,—,,—,,—,,—,,—,,4871,0.560529344073648,—,,—,,—,,—,,—,,—,,—,,—,,—,,—,
  Corporate & Financing,,—,,—,,—,,—,,—,,—,,—,,—,,—,,—,,—,,—,,—,,—,,—,,—,,—,,—,,—,,—,,—,,—,,—,,—,,—,,—,,—,,—,,—,,-1054,,—,,—,,—,,—,,—,,—,,—,,—,,—,,—,
Net Income,,8070,1.0,6570,1.0,4940,1.0,4190,1.0,4240,1.0,2780,1.0,1810,1.0,1700,1.0,2650,1.0,1680,1.0,4010,1.0,3350,1.0,3970,1.0,8380,1.0,4650,1.0,3950,1.0,6240,1.0,6000,1.0,2350,1.0,3130,1.0,3170,1.0,5690,1.0,-610,,-1080,,-680,,-20070,,2730,1.0,4690,1.0,6750,1.0,8871,1.0,5480,1.0,17849,1.0,19660,1.0,12750,1.0,11430,1.0,7880,1.0,9070,1.0,7630,1.0,8220,1.0,9240,1.0
  Upstream,,6416,0.742592592592592,5468,0.760289210233593,2855,0.518713662790698,2031,0.424628893999582,1358,0.294066695539194,857,0.270261747082939,-76,-0.0347826086956522,294,0.125856164383562,620,0.205298013245033,-642,-0.436437797416723,2252,0.496144525225821,1184,0.333145751266179,1567,0.373896444762586,8352,0.746647595208296,3497,0.641886930983847,3040,0.653201547056296,4229,0.642314702308627,3313,0.490524133846609,2876,0.916507329509242,3261,0.836153846153846,2168,0.595768068150591,6137,0.918712574850299,536,7.76811594202899,-1651,7.9375,-383,-8.14893617021277,-18532,0.972706277556162,2554,0.713607152835988,3185,0.603448275862069,3951,0.537770518579012,6085,0.642284146084019,4488,0.726919339164237,11371,0.627019575406672,12419,0.6268423177872,8201,0.617498682328138,6457,0.547899872719559,4577,0.545790603386597,6125,0.649178590355061,4149,0.506284319707138,5660,0.659519925425309,7074,0.740732984293194
    Non-U.S.,,5159,0.597106481481481,3965,0.551307007786429,2907,0.528161337209302,2078,0.434455362743048,1800,0.389779125162408,1395,0.4399243140965,756,0.345995423340961,808,0.345890410958904,1097,0.363245033112583,1686,1.14615907545887,2270,0.500110156422119,1367,0.384637028700056,1805,0.430684800763541,1291,0.115412122295727,3068,0.563142437591777,2601,0.558874086807048,3623,0.550273390036452,3048,0.451288125555227,2780,0.88591459528362,2926,0.75025641025641,2131,0.585600439681231,6069,0.908532934131736,1240,17.9710144927536,-454,2.18269230769231,298,6.34042553191489,-1729,0.0907516271257611,2191,0.612182173791562,2522,0.477832512315271,3082,0.419490948686539,4317,0.455668144395187,2112,0.342079689018465,7622,0.420292252550317,9309,0.469866747425803,5708,0.429786913636021,4825,0.409418752651676,3657,0.436083949439542,4559,0.48320084790673,4065,0.496034167175107,4606,0.536704730831974,4644,0.486282722513089
    United States,,1257,0.145486111111111,1503,0.208982202447164,-52,-0.00944767441860465,-47,-0.00982646874346644,-442,-0.0957124296232135,-538,-0.16966256701356,-832,-0.380778032036613,-514,-0.220034246575342,-477,-0.15794701986755,-2328,-1.58259687287559,-18,-0.00396563119629874,-183,-0.0514912774338773,-238,-0.0567883560009544,7061,0.631235472912569,429,0.0787444933920705,439,0.094327460249248,606,0.092041312272175,265,0.0392360082913829,96,0.0305927342256214,335,0.0858974358974359,37,0.0101676284693597,68,0.0101796407185629,-704,-10.2028985507246,-1197,5.75480769230769,-681,-14.4893617021277,-16803,0.881954650430401,363,0.101424979044426,663,0.125615763546798,869,0.118279569892473,1768,0.186616001688833,2376,0.384839650145773,3749,0.206727322856355,3110,0.156975570361397,2493,0.187711768692117,1632,0.138481120067883,920,0.109706653947055,1566,0.165977742448331,84,0.0102501525320317,1054,0.122815194593335,2430,0.254450261780105
  Energy Products,,—,,—,,—,,—,,—,,—,,—,,—,,—,,—,,—,,—,,—,,—,,—,,—,,—,,—,,—,,—,,—,,—,,—,,—,,—,,—,,—,,-856,-0.162182644941266,529,0.0720021777596298,902,0.095207937513194,—,,5272,0.290708574579542,5819,0.293710882293559,4070,0.306452827347338,4183,0.354942723801443,2310,0.275459098497496,2442,0.258823529411765,3207,0.391336180597926,1376,0.160335586110464,946,0.0990575916230367
    Non-U.S.,,—,,—,,—,,—,,—,,—,,—,,—,,—,,—,,—,,—,,—,,—,,—,,—,,—,,—,,—,,—,,—,,—,,—,,—,,—,,—,,—,,-578,-0.109511178476696,50,0.0068054988430652,203,0.0214270635423264,—,,2617,0.14430658946788,2811,0.141883706844337,1882,0.141706196822528,2273,0.192872295290624,782,0.0932506558549964,1086,0.11510333863275,1878,0.229164124466138,540,0.0629223957119553,496,0.0519371727748691
    United States,,—,,—,,—,,—,,—,,—,,—,,—,,—,,—,,—,,—,,—,,—,,—,,—,,—,,—,,—,,—,,—,,—,,—,,—,,—,,—,,—,,-278,-0.0526714664645699,479,0.0651966789165646,699,0.0737808739708676,—,,2655,0.146401985111663,3008,0.151827175449223,2188,0.16474663052481,1910,0.162070428510819,1528,0.182208442642499,1356,0.143720190779014,1329,0.162172056131788,836,0.0974131903985085,450,0.0471204188481675
  Chemical Products,,—,,—,,—,,—,,—,,—,,—,,—,,—,,—,,—,,—,,—,,—,,—,,—,,—,,—,,—,,—,,—,,—,,—,,—,,—,,—,,—,,2200,0.416824554755589,2028,0.276031033074724,1371,0.144711842938569,—,,1075,0.0592776399228012,812,0.0409852614577024,250,0.018823883743694,371,0.0314806957997454,828,0.0987359885523491,249,0.0263910969793323,189,0.0230628431970714,785,0.0914705196923794,779,0.0815706806282722
    United States,,—,,—,,—,,—,,—,,—,,—,,—,,—,,—,,—,,—,,—,,—,,—,,—,,—,,—,,—,,—,,—,,—,,—,,—,,—,,—,,—,,1149,0.217696097006442,1121,0.152579284061522,774,0.0816972767574414,—,,625,0.0344637441411635,635,0.032051282051282,298,0.0224380694224832,324,0.0274925753075944,486,0.0579537324111615,338,0.0358240593534711,478,0.0583282489322758,504,0.0587275693311582,526,0.0550785340314136
    Non-U.S.,,—,,—,,—,,—,,—,,—,,—,,—,,—,,—,,—,,—,,—,,—,,—,,—,,—,,—,,—,,—,,—,,—,,—,,—,,—,,—,,—,,1051,0.199128457749147,907,0.123451749013203,597,0.0630145661811273,—,,450,0.0248138957816377,177,0.00893397940642035,-48,-0.00361418567878925,47,0.00398812049215104,342,0.0407822561411877,-89,-0.00943296237413884,-289,-0.0352654057352044,281,0.0327429503612212,253,0.0264921465968586
  Specialty Products,,—,,—,,—,,—,,—,,—,,—,,—,,—,,—,,—,,—,,—,,—,,—,,—,,—,,—,,—,,—,,—,,—,,—,,—,,—,,—,,—,,749,0.141909814323607,839,0.114196270586634,1116,0.117796073464218,—,,417,0.0229942100909843,762,0.0384615384615385,760,0.0572246065808298,774,0.0656767076792533,671,0.0800143095635583,619,0.0656067832538421,650,0.0793166564978646,761,0.088673968771848,751,0.0786387434554974
    United States,,—,,—,,—,,—,,—,,—,,—,,—,,—,,—,,—,,—,,—,,—,,—,,—,,—,,—,,—,,—,,—,,—,,—,,—,,—,,—,,—,,262,0.0496400151572565,247,0.0336191642847421,763,0.0805362043487439,—,,232,0.0127929418251999,306,0.0154451847365233,406,0.0305699871997591,451,0.0382689859991515,373,0.0444788933937515,326,0.0345521992580816,386,0.0471018913971934,404,0.0470752738289443,447,0.0468062827225131
    Non-U.S.,,—,,—,,—,,—,,—,,—,,—,,—,,—,,—,,—,,—,,—,,—,,—,,—,,—,,—,,—,,—,,—,,—,,—,,—,,—,,—,,—,,487,0.0922697991663509,592,0.0805771063018919,353,0.0372598691154739,—,,185,0.0102012682657844,456,0.0230163537250151,354,0.0266546193810707,323,0.0274077216801018,298,0.0355354161698068,293,0.0310545839957605,264,0.0322147651006711,357,0.0415986949429038,304,0.0318324607329843
  Corporate & Financing,,-570,,-622,,-564,,-593,,-378,,-391,,-375,,-636,,-370,,209,,-529,,-204,,-221,,-2806,,-798,,-704,,-344,,-754,,-788,,-770,,-469,,-990,,-679,,-872,,-727,,-1018,,-849,,-588,,-597,,-603,,-694,,-286,,-152,,-531,,-355,,-506,,-365,,-565,,-362,,-310,
  Chemical Prime Product,,1200,0.138888888888889,1227,0.170606229143493,982,0.178415697674419,1246,0.260505958603387,1227,0.265699436985708,963,0.303689687795648,1355,0.620137299771167,1217,0.52097602739726,1171,0.387748344370861,872,0.592794017675051,1171,0.257986340603657,985,0.277152504220597,1092,0.260558339298497,1270,0.113534775612373,1011,0.18557268722467,890,0.191233347657929,713,0.108292831105711,737,0.109120521172638,518,0.165073295092416,188,0.0482051282051282,241,0.0662269854355592,-355,-0.0531437125748503,144,2.08695652173913,467,-2.24519230769231,661,14.063829787234,691,-0.0362691580936385,1415,0.395361832914222,—,,—,,—,,1354,0.219306770327178,—,,—,,—,,—,,—,,—,,—,,—,,—,
    Non-U.S.,,435,0.0503472222222222,395,0.0549221357063404,377,0.0684956395348837,511,0.106836713359816,701,0.151797314854916,443,0.139703563544623,774,0.354233409610984,708,0.303082191780822,737,0.244039735099338,520,0.35350101971448,642,0.141440846001322,504,0.141812042768711,689,0.164399904557385,493,0.0440729483282675,508,0.0932452276064611,437,0.0938977223893425,309,0.0469319562575942,455,0.0673674859342612,357,0.11376673040153,194,0.0497435897435897,188,0.051662544655125,-353,-0.0528443113772455,-144,-2.08695652173913,296,-1.42307692307692,304,6.46808510638298,230,-0.0120722233886206,700,0.195585359038838,—,,—,,—,,535,0.0866537091026887,—,,—,,—,,—,,—,,—,,—,,—,,—,
    United States,,765,0.0885416666666667,832,0.115684093437152,605,0.109920058139535,735,0.153669245243571,526,0.113902122130793,520,0.163986124251025,581,0.265903890160183,509,0.217893835616438,434,0.143708609271523,352,0.239292997960571,529,0.116545494602335,481,0.135340461451885,403,0.0961584347411119,777,0.0694618272841051,503,0.0923274596182085,453,0.0973356252685862,404,0.0613608748481167,282,0.0417530352383773,161,0.0513065646908859,-6,-0.00153846153846154,53,0.0145644407804342,-2,-0.00029940119760479,288,4.17391304347826,171,-0.822115384615385,357,7.59574468085106,461,-0.0241969347050178,715,0.199776473875384,—,,—,,—,,819,0.13265306122449,—,,—,,—,,—,,—,,—,,—,,—,,—,
  Downstream,,1024,0.118518518518519,497,0.0691045606229144,1667,0.302870639534884,1506,0.314865147397031,2033,0.440233867475097,1351,0.426048565121413,906,0.414645308924485,825,0.353167808219178,1229,0.406953642384106,1241,0.843643779741672,1116,0.245869134170522,1385,0.389701744513225,1532,0.365545215938917,1564,0.139817629179331,940,0.172540381791483,724,0.155565105285776,1642,0.249392466585662,2704,0.400355344980752,-256,-0.0815806246016571,451,0.115641025641026,1230,0.33800494641385,898,0.134431137724551,-611,-8.85507246376812,976,-4.69230769230769,-231,-4.91489361702128,-1211,0.0635628805374764,-390,-0.10896898575021,—,,—,,—,,332,0.0537738905085844,—,,—,,—,,—,,—,,—,,—,,—,,—,
    Non-U.S.,,564,0.0652777777777778,498,0.0692436040044494,1100,0.199854651162791,1094,0.22872674053941,1546,0.334776959722824,916,0.288867865026805,719,0.329061784897025,413,0.176797945205479,1004,0.332450331125828,971,0.660095173351462,824,0.181537783652787,1038,0.29206527855937,1141,0.272250059651634,646,0.0577507598784195,621,0.113986784140969,29,0.00623119896862914,681,0.103432563791008,1717,0.254219721646432,-95,-0.0302740599107712,141,0.0361538461538462,557,0.15306402857928,3,0.000449101796407186,-510,-7.39130434782609,1077,-5.17788461538462,-95,-2.02127659574468,-697,0.0365840856602981,-277,-0.0773959206482258,—,,—,,—,,-353,-0.0571752510528021,—,,—,,—,,—,,—,,—,,—,,—,,—,
    United States,,460,0.0532407407407407,-1,-0.000139043381535039,567,0.103015988372093,412,0.0861384068576207,487,0.105456907752274,435,0.137180700094607,187,0.08558352402746,412,0.176369863013699,225,0.0745033112582782,270,0.183548606390211,292,0.0643313505177352,347,0.0976364659538548,391,0.0932951562872823,918,0.0820668693009119,319,0.0585535976505139,695,0.149333906317147,961,0.145959902794654,987,0.14613562333432,-161,-0.0513065646908859,310,0.0794871794871795,673,0.18494091783457,895,0.133982035928144,-101,-1.46376811594203,-101,0.485576923076923,-136,-2.8936170212766,-514,0.0269787948771783,-113,-0.0315730651019838,—,,—,,—,,685,0.110949141561386,—,,—,,—,,—,,—,,—,,—,,—,,—,
Share Profits of JV/Associates Results,,—,,—,,—,,—,,—,,—,,—,,—,,—,,—,,—,,—,,—,,—,,—,,—,,—,,—,,—,,—,,—,,—,,—,,—,,—,,—,,—,,—,,—,,6657,1.0,—,,—,,—,,—,,—,,—,,—,,—,,—,,—,
  Energy Products,,—,,—,,—,,—,,—,,—,,—,,—,,—,,—,,—,,—,,—,,—,,—,,—,,—,,—,,—,,—,,—,,—,,—,,—,,—,,—,,—,,—,,—,,222,0.0316645271715875,—,,—,,—,,—,,—,,—,,—,,—,,—,,—,
    United States,,—,,—,,—,,—,,—,,—,,—,,—,,—,,—,,—,,—,,—,,—,,—,,—,,—,,—,,—,,—,,—,,—,,—,,—,,—,,—,,—,,—,,—,,122,0.0174012266438454,—,,—,,—,,—,,—,,—,,—,,—,,—,,—,
    Non-U.S.,,—,,—,,—,,—,,—,,—,,—,,—,,—,,—,,—,,—,,—,,—,,—,,—,,—,,—,,—,,—,,—,,—,,—,,—,,—,,—,,—,,—,,—,,100,0.0142633005277421,—,,—,,—,,—,,—,,—,,—,,—,,—,,—,
  Specialty Products,,—,,—,,—,,—,,—,,—,,—,,—,,—,,—,,—,,—,,—,,—,,—,,—,,—,,—,,—,,—,,—,,—,,—,,—,,—,,—,,—,,—,,—,,-36,-0.00513478818998716,—,,—,,—,,—,,—,,—,,—,,—,,—,,—,
    Non-U.S.,,—,,—,,—,,—,,—,,—,,—,,—,,—,,—,,—,,—,,—,,—,,—,,—,,—,,—,,—,,—,,—,,—,,—,,—,,—,,—,,—,,—,,—,,-36,-0.00513478818998716,—,,—,,—,,—,,—,,—,,—,,—,,—,,—,
    United States,,—,,—,,—,,—,,—,,—,,—,,—,,—,,—,,—,,—,,—,,—,,—,,—,,—,,—,,—,,—,,—,,—,,—,,—,,—,,—,,—,,—,,—,,0,,—,,—,,—,,—,,—,,—,,—,,—,,—,,—,
  Chemical Products,,—,,—,,—,,—,,—,,—,,—,,—,,—,,—,,—,,—,,—,,—,,—,,—,,—,,—,,—,,—,,—,,—,,—,,—,,—,,—,,—,,—,,—,,1002,0.142918271287976,—,,—,,—,,—,,—,,—,,—,,—,,—,,—,
    Non-U.S.,,—,,—,,—,,—,,—,,—,,—,,—,,—,,—,,—,,—,,—,,—,,—,,—,,—,,—,,—,,—,,—,,—,,—,,—,,—,,—,,—,,—,,—,,1141,0.162744259021538,—,,—,,—,,—,,—,,—,,—,,—,,—,,—,
    United States,,—,,—,,—,,—,,—,,—,,—,,—,,—,,—,,—,,—,,—,,—,,—,,—,,—,,—,,—,,—,,—,,—,,—,,—,,—,,—,,—,,—,,—,,-139,-0.0198259877335615,—,,—,,—,,—,,—,,—,,—,,—,,—,,—,
  Upstream,,—,,—,,—,,—,,—,,—,,—,,—,,—,,—,,—,,—,,—,,—,,—,,—,,—,,—,,—,,—,,—,,—,,—,,—,,—,,—,,—,,—,,—,,5823,0.830551989730424,—,,—,,—,,—,,—,,—,,—,,—,,—,,—,
    United States,,—,,—,,—,,—,,—,,—,,—,,—,,—,,—,,—,,—,,—,,—,,—,,—,,—,,—,,—,,—,,—,,—,,—,,—,,—,,—,,—,,—,,—,,288,0.0410783055198973,—,,—,,—,,—,,—,,—,,—,,—,,—,,—,
    Non-U.S.,,—,,—,,—,,—,,—,,—,,—,,—,,—,,—,,—,,—,,—,,—,,—,,—,,—,,—,,—,,—,,—,,—,,—,,—,,—,,—,,—,,—,,—,,5535,0.789473684210526,—,,—,,—,,—,,—,,—,,—,,—,,—,,—,
  Corporate & Financing,,—,,—,,—,,—,,—,,—,,—,,—,,—,,—,,—,,—,,—,,—,,—,,—,,—,,—,,—,,—,,—,,—,,—,,—,,—,,—,,—,,—,,—,,-354,,—,,—,,—,,—,,—,,—,,—,,—,,—,,—,
ROCE (%),,—,,—,,—,,—,,—,,—,,—,,—,,—,,—,,—,,—,,—,,—,,—,,—,,—,,—,,—,,—,,—,,—,,—,,—,,—,,—,,—,,—,,—,,—,,—,,—,,—,,—,,—,,—,,—,,—,,—,,—,
  United States,,—,,—,,—,,—,,—,,—,,—,,—,,—,,—,,—,,—,,—,,—,,—,,—,,—,,—,,—,,—,,—,,—,,—,,—,,—,,—,,—,,—,,—,,5.6,,—,,—,,—,,70.8,,—,,—,,—,,—,,—,,—,
  Non-U.S.,,—,,—,,—,,—,,—,,—,,—,,—,,—,,—,,—,,—,,—,,—,,—,,—,,—,,—,,—,,—,,—,,—,,—,,—,,—,,—,,—,,—,,—,,-5.5,,—,,—,,—,,35.1,,—,,—,,—,,—,,—,,—,
  Non-U.S.,,—,,—,,—,,—,,—,,—,,—,,—,,—,,—,,—,,—,,—,,—,,—,,—,,—,,—,,—,,—,,—,,—,,—,,—,,—,,—,,—,,—,,—,,30.5,,—,,—,,—,,19.7,,—,,—,,—,,—,,—,,—,
  United States,,—,,—,,—,,—,,—,,—,,—,,—,,—,,—,,—,,—,,—,,—,,—,,—,,—,,—,,—,,—,,—,,—,,—,,—,,—,,—,,—,,—,,—,,72.7,,—,,—,,—,,57.4,,—,,—,,—,,—,,—,,—,
  Non-U.S.,,—,,—,,—,,—,,—,,—,,—,,—,,—,,—,,—,,—,,—,,—,,—,,—,,—,,—,,—,,—,,—,,—,,—,,—,,—,,—,,—,,—,,—,,28,,—,,—,,—,,9.7,,—,,—,,—,,—,,—,,—,
  United States,,—,,—,,—,,—,,—,,—,,—,,—,,—,,—,,—,,—,,—,,—,,—,,—,,—,,—,,—,,—,,—,,—,,—,,—,,—,,—,,—,,—,,—,,26.2,,—,,—,,—,,15.8,,—,,—,,—,,—,,—,,—,
  United States,,—,,—,,—,,—,,—,,—,,—,,—,,—,,—,,—,,—,,—,,—,,—,,—,,—,,—,,—,,—,,—,,—,,—,,—,,—,,—,,—,,—,,—,,6.6,,—,,—,,—,,22.3,,—,,—,,—,,—,,—,,—,
  Corporate & Financing,,—,,—,,—,,—,,—,,—,,—,,—,,—,,—,,—,,—,,—,,—,,—,,—,,—,,—,,—,,—,,—,,—,,—,,—,,—,,—,,—,,—,,—,,0,,—,,—,,—,,0,,—,,—,,—,,—,,—,,—,
  Non-U.S.,,—,,—,,—,,—,,—,,—,,—,,—,,—,,—,,—,,—,,—,,—,,—,,—,,—,,—,,—,,—,,—,,—,,—,,—,,—,,—,,—,,—,,—,,11.9,,—,,—,,—,,26.5,,—,,—,,—,,—,,—,,—,
Adjusted Net Income,,—,,6570,1.0,4940,1.0,4190,1.0,4240,1.0,2780,1.0,1810,1.0,1700,1.0,2650,1.0,3815,1.0,4010,1.0,3468,1.0,4068,1.0,8380,1.0,4650,1.0,3950,1.0,6240,1.0,5219,1.0,2350,1.0,3130,1.0,3170,1.0,1767,1.0,2273,1.0,-1080,,-793,,110,1.0,2761,1.0,4702,1.0,6756,1.0,8797,1.0,8833,1.0,17550,1.0,18682,1.0,14035,1.0,11618,1.0,7874,1.0,9117,1.0,9963,1.0,8220,1.0,9240,1.0
  Upstream,,—,,5468,0.760289210233593,2855,0.518713662790698,2031,0.424628893999582,1358,0.294066695539194,857,0.270261747082939,-76,-0.0347826086956522,294,0.125856164383562,620,0.205298013245033,1493,0.414032168607876,2252,0.496144525225821,1302,0.354575163398693,1665,0.388202378176731,8352,0.746647595208296,3497,0.641886930983847,3040,0.653201547056296,4229,0.642314702308627,3683,0.617228087816323,2876,0.916507329509242,3261,0.836153846153846,2168,0.595768068150591,2190,0.801317233809001,1155,0.391260162601626,-1651,7.9375,-372,5.63636363636364,745,0.971316818774446,2554,0.713607152835988,3185,0.603448275862069,3951,0.537770518579012,6628,0.706308610400682,7743,0.821189945911549,11072,0.620766988113927,11841,0.615628574399501,8762,0.601537827818207,6615,0.552493109496367,4589,0.547613365155131,6139,0.647437249525417,6266,0.590909090909091,5660,0.659519925425309,7074,0.740732984293194
    Non-U.S.,,—,,3965,0.551307007786429,2907,0.528161337209302,2078,0.434455362743048,1800,0.389779125162408,1395,0.4399243140965,756,0.345995423340961,808,0.345890410958904,1097,0.363245033112583,1686,0.467554076539101,2270,0.500110156422119,1485,0.404411764705882,1903,0.443693168570762,1291,0.115412122295727,3068,0.563142437591777,2601,0.558874086807048,3623,0.550273390036452,3144,0.526897938662645,2780,0.88591459528362,2926,0.75025641025641,2131,0.585600439681231,2122,0.776436150750091,1499,0.507791327913279,-454,2.18269230769231,309,-4.68181818181818,771,1.00521512385919,2191,0.612182173791562,2522,0.477832512315271,3082,0.419490948686539,4597,0.489876385336743,5367,0.569201399936367,7622,0.427337968154295,8731,0.453935738795882,6269,0.430385830015104,4983,0.416186419443748,3669,0.437828162291169,4573,0.482282218941152,4693,0.442568841946435,4606,0.536704730831974,4644,0.486282722513089
    United States,,—,,1503,0.208982202447164,-52,-0.00944767441860465,-47,-0.00982646874346644,-442,-0.0957124296232135,-538,-0.16966256701356,-832,-0.380778032036613,-514,-0.220034246575342,-477,-0.15794701986755,-193,-0.0535219079312257,-18,-0.00396563119629874,-183,-0.0498366013071895,-238,-0.0554907903940312,7061,0.631235472912569,429,0.0787444933920705,439,0.094327460249248,606,0.092041312272175,539,0.0903301491536786,96,0.0305927342256214,335,0.0858974358974359,37,0.0101676284693597,68,0.0248810830589096,-344,-0.116531165311653,-1197,5.75480769230769,-681,10.3181818181818,-26,-0.0338983050847458,363,0.101424979044426,663,0.125615763546798,869,0.118279569892473,2031,0.216432225063939,2376,0.251988545975183,3450,0.193429019959632,3110,0.161692835603619,2493,0.171151997803103,1632,0.136306690052618,920,0.109785202863962,1566,0.165155030584265,1573,0.148340248962656,1054,0.122815194593335,2430,0.254450261780105
  Energy Products,,—,,—,,—,,—,,—,,—,,—,,—,,—,,—,,—,,—,,—,,—,,—,,—,,—,,—,,—,,—,,—,,—,,—,,—,,—,,—,,—,,-856,-0.162182644941266,529,0.0720021777596298,902,0.0961210571184996,—,,5272,0.295581969051357,5819,0.302537173754809,4754,0.32637649320335,4213,0.351875052200785,2292,0.273508353221957,2475,0.261020881670534,3018,0.284609581290079,1376,0.160335586110464,946,0.0990575916230367
    Non-U.S.,,—,,—,,—,,—,,—,,—,,—,,—,,—,,—,,—,,—,,—,,—,,—,,—,,—,,—,,—,,—,,—,,—,,—,,—,,—,,—,,—,,-578,-0.109511178476696,50,0.0068054988430652,203,0.0216325660699062,—,,2617,0.146725723256336,2811,0.146147447228866,2508,0.172181793217081,2303,0.192349452935772,764,0.0911694510739857,1119,0.118013077409829,1881,0.177385892116183,540,0.0629223957119553,496,0.0519371727748691
    United States,,—,,—,,—,,—,,—,,—,,—,,—,,—,,—,,—,,—,,—,,—,,—,,—,,—,,—,,—,,—,,—,,—,,—,,—,,—,,—,,—,,-278,-0.0526714664645699,479,0.0651966789165646,699,0.0744884910485934,—,,2655,0.148856245795021,3008,0.156389726525944,2246,0.154194699986269,1910,0.159525599265013,1528,0.182338902147971,1356,0.143007804260705,1137,0.107223689173897,836,0.0974131903985085,450,0.0471204188481675
  Chemical Products,,—,,—,,—,,—,,—,,—,,—,,—,,—,,—,,—,,—,,—,,—,,—,,—,,—,,—,,—,,—,,—,,—,,—,,—,,—,,—,,—,,2200,0.416824554755589,2028,0.276031033074724,1371,0.146099744245524,—,,1075,0.0602713612917695,812,0.04221690755953,250,0.0171632568996293,371,0.030986386035246,828,0.0988066825775656,249,0.0262602826407931,577,0.0544134288947567,785,0.0914705196923794,779,0.0815706806282722
    United States,,—,,—,,—,,—,,—,,—,,—,,—,,—,,—,,—,,—,,—,,—,,—,,—,,—,,—,,—,,—,,—,,—,,—,,—,,—,,—,,—,,1149,0.217696097006442,1121,0.152579284061522,774,0.0824808184143223,—,,625,0.0350414891231218,635,0.0330144535717999,298,0.0204586022243581,324,0.0270608869957404,486,0.0579952267303103,338,0.035646488082683,446,0.0420596001508865,504,0.0587275693311582,526,0.0550785340314136
    Non-U.S.,,—,,—,,—,,—,,—,,—,,—,,—,,—,,—,,—,,—,,—,,—,,—,,—,,—,,—,,—,,—,,—,,—,,—,,—,,—,,—,,—,,1051,0.199128457749147,907,0.123451749013203,597,0.063618925831202,—,,450,0.0252298721686477,177,0.00920245398773006,-48,-0.00329534532472882,47,0.00392549903950555,342,0.0408114558472554,-89,-0.0093862054418899,131,0.0123538287438702,281,0.0327429503612212,253,0.0264921465968586
  Specialty Products,,—,,—,,—,,—,,—,,—,,—,,—,,—,,—,,—,,—,,—,,—,,—,,—,,—,,—,,—,,—,,—,,—,,—,,—,,—,,—,,—,,749,0.141909814323607,839,0.114196270586634,483,0.0514705882352941,—,,417,0.0233796815429469,762,0.0396173442861599,800,0.0549224220788137,774,0.0646454522676021,671,0.0800715990453461,619,0.0652815861632567,743,0.0700678989060732,761,0.088673968771848,751,0.0786387434554974
    United States,,—,,—,,—,,—,,—,,—,,—,,—,,—,,—,,—,,—,,—,,—,,—,,—,,—,,—,,—,,—,,—,,—,,—,,—,,—,,—,,—,,262,0.0496400151572565,247,0.0336191642847421,265,0.0282395566922421,—,,232,0.0130074007625028,306,0.0159093272330249,406,0.0278731292049979,451,0.0376680865280214,373,0.0445107398568019,326,0.0343809322927652,374,0.0352697095435685,404,0.0470752738289443,447,0.0468062827225131
    Non-U.S.,,—,,—,,—,,—,,—,,—,,—,,—,,—,,—,,—,,—,,—,,—,,—,,—,,—,,—,,—,,—,,—,,—,,—,,—,,—,,—,,—,,487,0.0922697991663509,592,0.0805771063018919,218,0.023231031543052,—,,185,0.010372280780444,456,0.0237080170531351,394,0.0270492928738157,323,0.0269773657395807,298,0.0355608591885442,293,0.0309006538704915,369,0.0347981893625047,357,0.0415986949429038,304,0.0318324607329843
  Corporate & Financing,,—,,-622,,-564,,-593,,-378,,-391,,-375,,-636,,-370,,209,,-529,,-204,,-221,,-2806,,-798,,-704,,-344,,-748,,-788,,-770,,-469,,-966,,-679,,-872,,-727,,-657,,-818,,-576,,-591,,-587,,-596,,-286,,-552,,-531,,-355,,-506,,-365,,-641,,-362,,-310,
  Chemical Prime Product,,—,,1227,0.170606229143493,982,0.178415697674419,1246,0.260505958603387,1227,0.265699436985708,963,0.303689687795648,1355,0.620137299771167,1217,0.52097602739726,1171,0.387748344370861,872,0.241819190238491,1171,0.257986340603657,985,0.268246187363834,1092,0.254604802984379,1270,0.113534775612373,1011,0.18557268722467,890,0.191233347657929,713,0.108292831105711,525,0.0879839115133233,518,0.165073295092416,188,0.0482051282051282,241,0.0662269854355592,-355,-0.129893889498719,466,0.157859078590786,467,-2.24519230769231,546,-8.27272727272727,713,0.929595827900913,1415,0.395361832914222,—,,—,,—,,1354,0.143599533354544,—,,—,,—,,—,,—,,—,,—,,—,,—,
    Non-U.S.,,—,,395,0.0549221357063404,377,0.0684956395348837,511,0.106836713359816,701,0.151797314854916,443,0.139703563544623,774,0.354233409610984,708,0.303082191780822,737,0.244039735099338,520,0.14420410427066,642,0.141440846001322,504,0.137254901960784,689,0.160643506644906,493,0.0440729483282675,508,0.0932452276064611,437,0.0938977223893425,309,0.0469319562575942,243,0.0407239819004525,357,0.11376673040153,194,0.0497435897435897,188,0.051662544655125,-353,-0.129162092938163,88,0.029810298102981,296,-1.42307692307692,218,-3.3030303030303,252,0.328552803129074,700,0.195585359038838,—,,—,,—,,535,0.0567398451585534,—,,—,,—,,—,,—,,—,,—,,—,,—,
    United States,,—,,832,0.115684093437152,605,0.109920058139535,735,0.153669245243571,526,0.113902122130793,520,0.163986124251025,581,0.265903890160183,509,0.217893835616438,434,0.143708609271523,352,0.0976150859678314,529,0.116545494602335,481,0.13099128540305,403,0.0939612963394731,777,0.0694618272841051,503,0.0923274596182085,453,0.0973356252685862,404,0.0613608748481167,282,0.0472599296128708,161,0.0513065646908859,-6,-0.00153846153846154,53,0.0145644407804342,-2,-0.000731796560556165,378,0.128048780487805,171,-0.822115384615385,328,-4.96969696969697,461,0.601043024771838,715,0.199776473875384,—,,—,,—,,819,0.0868596881959911,—,,—,,—,,—,,—,,—,,—,,—,,—,
  Downstream,,—,,497,0.0691045606229144,1667,0.302870639534884,1506,0.314865147397031,2033,0.440233867475097,1351,0.426048565121413,906,0.414645308924485,825,0.353167808219178,1229,0.406953642384106,1241,0.344148641153633,1116,0.245869134170522,1385,0.377178649237473,1532,0.35719281883889,1564,0.139817629179331,940,0.172540381791483,724,0.155565105285776,1642,0.249392466585662,1759,0.294788000670354,-256,-0.0815806246016571,451,0.115641025641026,1230,0.33800494641385,898,0.328576655689718,1331,0.450880758807588,976,-4.69230769230769,-240,3.63636363636364,-691,-0.900912646675359,-390,-0.10896898575021,—,,—,,—,,332,0.035210520733906,—,,—,,—,,—,,—,,—,,—,,—,,—,
    Non-U.S.,,—,,498,0.0692436040044494,1100,0.199854651162791,1094,0.22872674053941,1546,0.334776959722824,916,0.288867865026805,719,0.329061784897025,413,0.176797945205479,1004,0.332450331125828,971,0.269273433166944,824,0.181537783652787,1038,0.282679738562091,1141,0.266029377477267,646,0.0577507598784195,621,0.113986784140969,29,0.00623119896862914,681,0.103432563791008,772,0.129378247025306,-95,-0.0302740599107712,141,0.0361538461538462,557,0.15306402857928,3,0.00109769484083425,1021,0.345867208672087,1077,-5.17788461538462,-101,1.53030303030303,-177,-0.230769230769231,-277,-0.0773959206482258,—,,—,,—,,-353,-0.0374376922261109,—,,—,,—,,—,,—,,—,,—,,—,,—,
    United States,,—,,-1,-0.000139043381535039,567,0.103015988372093,412,0.0861384068576207,487,0.105456907752274,435,0.137180700094607,187,0.08558352402746,412,0.176369863013699,225,0.0745033112582782,270,0.0748752079866889,292,0.0643313505177352,347,0.0944989106753813,391,0.0911634413616228,918,0.0820668693009119,319,0.0585535976505139,695,0.149333906317147,961,0.145959902794654,987,0.165409753645048,-161,-0.0513065646908859,310,0.0794871794871795,673,0.18494091783457,895,0.327478960848884,310,0.105013550135501,-101,0.485576923076923,-139,2.10606060606061,-514,-0.670143415906128,-113,-0.0315730651019838,—,,—,,—,,685,0.072648212960017,—,,—,,—,,—,,—,,—,,—,,—,,—,
Property/Plant/Equipment,,—,,—,,—,,—,,—,,251605,1.0,—,,—,,—,,244224,1.0,—,,—,,—,,252630,1.0,—,,—,,—,,247101,1.0,—,,—,,—,,253018,1.0,—,,—,,—,,227553,1.0,—,,—,,—,,216552,1.0,—,,—,,—,,204692,1.0,—,,—,,—,,214940,1.0,—,,—,
  Energy Products,,—,,—,,—,,—,,—,,—,,—,,—,,—,,—,,—,,—,,—,,—,,—,,—,,—,,—,,—,,—,,—,,—,,—,,—,,—,,—,,—,,—,,—,,27354,0.132682709144795,—,,—,,—,,26765,0.137766499552188,—,,—,,—,,27284,0.13625921412733,—,,—,
  Specialty Products,,—,,—,,—,,—,,—,,—,,—,,—,,—,,—,,—,,—,,—,,—,,—,,—,,—,,—,,—,,—,,—,,—,,—,,—,,—,,—,,—,,—,,—,,4447,0.0215705201274732,—,,—,,—,,4303,0.0221486735502733,—,,—,,—,,4378,0.0218642002437124,—,,—,
  Chemical Products,,—,,—,,—,,—,,—,,—,,—,,—,,—,,—,,—,,—,,—,,—,,—,,—,,—,,—,,—,,—,,—,,—,,—,,—,,—,,—,,—,,—,,—,,17409,0.0844437114682214,—,,—,,—,,19064,0.0981274256477831,—,,—,,—,,20329,0.101525200263689,—,,—,
  Upstream,,—,,—,,—,,—,,—,,203822,0.844336554832456,—,,—,,—,,195904,0.837579576986058,—,,—,,—,,200291,0.827170232097134,—,,—,,—,,194662,0.822535187462235,—,,—,,—,,196767,0.811299905579859,—,,—,,—,,167472,0.771362246213936,—,,—,,—,,156951,0.761303059259511,—,,—,,—,,144146,0.741957401249756,—,,—,,—,,148245,0.740351385365269,—,,—,
  Corporate & Financing,,—,,—,,—,,—,,—,,10206,,—,,—,,—,,10331,,—,,—,,—,,10490,,—,,—,,—,,10440,,—,,—,,—,,10485,,—,,—,,—,,10441,,—,,—,,—,,10391,,—,,—,,—,,10414,,—,,—,,—,,14704,,—,,—,
  Chemical Prime Product,,—,,—,,—,,—,,—,,16247,0.067303509956545,—,,—,,—,,17401,0.0743972671264211,—,,—,,—,,20117,0.0830800363426117,—,,—,,—,,20551,0.0868372904703352,—,,—,,—,,21260,0.0876581743515315,—,,—,,—,,21924,0.100980139282951,—,,—,,—,,—,,—,,—,,—,,—,,—,,—,,—,,—,,—,,—,
  Downstream,,—,,—,,—,,—,,—,,21330,0.0883599352109992,—,,—,,—,,20588,0.0880231558875212,—,,—,,—,,21732,0.0897497315602544,—,,—,,—,,21448,0.0906275220674298,—,,—,,—,,24506,0.101041920068609,—,,—,,—,,27716,0.127657614503114,—,,—,,—,,—,,—,,—,,—,,—,,—,,—,,—,,—,,—,,—,
Assets,,—,,349493,1.0,—,,—,,—,,336758,1.0,—,,—,,—,,330314,1.0,—,,—,,—,,348691,1.0,—,,—,,—,,346196,1.0,—,,—,,—,,362597,1.0,—,,—,,—,,332750,1.0,—,,—,,—,,338923,1.0,—,,—,,—,,369067,1.0,—,,—,,—,,376317,1.0,—,,—,
  Energy Products,,—,,—,,—,,—,,—,,—,,—,,—,,—,,—,,—,,—,,—,,—,,—,,—,,—,,—,,—,,—,,—,,—,,—,,—,,—,,—,,—,,—,,—,,64630,0.20448648990698,—,,—,,—,,73565,0.226775299325516,—,,—,,—,,74460,0.228055130168453,—,,—,
    United States,,—,,—,,—,,—,,—,,—,,—,,—,,—,,—,,—,,—,,—,,—,,—,,—,,—,,—,,—,,—,,—,,—,,—,,—,,—,,—,,—,,—,,—,,26932,0.0852116686705056,—,,—,,—,,31729,0.0978094674410289,—,,—,,—,,32123,0.098385911179173,—,,—,
    Non-U.S.,,—,,—,,—,,—,,—,,—,,—,,—,,—,,—,,—,,—,,—,,—,,—,,—,,—,,—,,—,,—,,—,,—,,—,,—,,—,,—,,—,,—,,—,,37698,0.119274821236474,—,,—,,—,,41836,0.128965831884487,—,,—,,—,,42337,0.12966921898928,—,,—,
  Specialty Products,,—,,—,,—,,—,,—,,—,,—,,—,,—,,—,,—,,—,,—,,—,,—,,—,,—,,—,,—,,—,,—,,—,,—,,—,,—,,—,,—,,—,,—,,10908,0.0345124343479086,—,,—,,—,,11155,0.0343869838099113,—,,—,,—,,10999,0.033687595712098,—,,—,
    Non-U.S.,,—,,—,,—,,—,,—,,—,,—,,—,,—,,—,,—,,—,,—,,—,,—,,—,,—,,—,,—,,—,,—,,—,,—,,—,,—,,—,,—,,—,,—,,8030,0.0254065683730937,—,,—,,—,,8316,0.0256353345910554,—,,—,,—,,8379,0.0256630934150077,—,,—,
    United States,,—,,—,,—,,—,,—,,—,,—,,—,,—,,—,,—,,—,,—,,—,,—,,—,,—,,—,,—,,—,,—,,—,,—,,—,,—,,—,,—,,—,,—,,2878,0.00910586597481491,—,,—,,—,,2839,0.00875164921885597,—,,—,,—,,2620,0.00802450229709035,—,,—,
  Chemical Products,,—,,—,,—,,—,,—,,—,,—,,—,,—,,—,,—,,—,,—,,—,,—,,—,,—,,—,,—,,—,,—,,—,,—,,—,,—,,—,,—,,—,,—,,31250,0.0988736315889388,—,,—,,—,,33217,0.102396453717062,—,,—,,—,,34675,0.106202143950995,—,,—,
    Non-U.S.,,—,,—,,—,,—,,—,,—,,—,,—,,—,,—,,—,,—,,—,,—,,—,,—,,—,,—,,—,,—,,—,,—,,—,,—,,—,,—,,—,,—,,—,,14555,0.0460513826488641,—,,—,,—,,15875,0.0489371015672203,—,,—,,—,,17076,0.0523001531393568,—,,—,
    United States,,—,,—,,—,,—,,—,,—,,—,,—,,—,,—,,—,,—,,—,,—,,—,,—,,—,,—,,—,,—,,—,,—,,—,,—,,—,,—,,—,,—,,—,,16695,0.0528222489400747,—,,—,,—,,17342,0.0534593521498416,—,,—,,—,,17599,0.0539019908116386,—,,—,
  Upstream,,—,,253588,0.762659208132209,—,,—,,—,,248964,0.769167078596144,—,,—,,—,,239329,0.760279042285199,—,,—,,—,,244870,0.737933653173895,—,,—,,—,,239224,0.731167152126804,—,,—,,—,,246931,0.716934842317363,—,,—,,—,,216017,0.69086088563954,—,,—,,—,,209272,0.662127444156173,—,,—,,—,,206459,0.636441263147511,—,,—,,—,,206366,0.632055130168453,—,,—,
    United States,,—,,92555,0.278356716440354,—,,—,,—,,93648,0.289322787938705,—,,—,,—,,86146,0.273660936939112,—,,—,,—,,89048,0.268352660382362,—,,—,,—,,90310,0.276024585779737,—,,—,,—,,95750,0.277998757352813,—,,—,,—,,71287,0.22798853772891,—,,—,,—,,67294,0.212915269252674,—,,—,,—,,66695,0.20559747962367,—,,—,,—,,67452,0.206591117917305,—,,—,
    Non-U.S.,,—,,161033,0.484302491691854,—,,—,,—,,155316,0.479844290657439,—,,—,,—,,153183,0.486618105346087,—,,—,,—,,155822,0.469580992791533,—,,—,,—,,148914,0.455142566347068,—,,—,,—,,151181,0.43893608496455,—,,—,,—,,144730,0.46287234791063,—,,—,,—,,141978,0.449212174903499,—,,—,,—,,139764,0.430843783523841,—,,—,,—,,138914,0.425464012251149,—,,—,
  Corporate & Financing,,—,,16988,,—,,—,,—,,13078,,—,,—,,—,,15523,,—,,—,,—,,16859,,—,,—,,—,,19015,,—,,—,,—,,18171,,—,,—,,—,,20072,,—,,—,,—,,22863,,—,,—,,—,,44671,,—,,—,,—,,49817,,—,,—,
  Chemical Prime Product,,—,,27247,0.0819446324115427,—,,—,,—,,28410,0.0877718734552645,—,,—,,—,,30053,0.0954696925896865,—,,—,,—,,34496,0.103956218809518,—,,—,,—,,36035,0.110137813626097,—,,—,,—,,36920,0.107192836777711,—,,—,,—,,38059,0.121719468590691,—,,—,,—,,—,,—,,—,,—,,—,,—,,—,,—,,—,,—,,—,
    Non-U.S.,,—,,18449,0.0554848799266176,—,,—,,—,,18236,0.056339594661394,—,,—,,—,,18453,0.0586198461836584,—,,—,,—,,21133,0.0636858410279901,—,,—,,—,,21131,0.0645850461976704,—,,—,,—,,20376,0.0591592969171898,—,,—,,—,,20220,0.0646671655824842,—,,—,,—,,—,,—,,—,,—,,—,,—,,—,,—,,—,,—,,—,
    United States,,—,,8798,0.026459752484925,—,,—,,—,,10174,0.0314322787938705,—,,—,,—,,11600,0.0368498464060281,—,,—,,—,,13363,0.040270377781528,—,,—,,—,,14904,0.0455527674284265,—,,—,,—,,16544,0.0480335398605216,—,,—,,—,,17839,0.0570523030082065,—,,—,,—,,—,,—,,—,,—,,—,,—,,—,,—,,—,,—,,—,
  Downstream,,—,,51670,0.155396159456249,—,,—,,—,,46306,0.143061047948591,—,,—,,—,,45409,0.144251265125115,—,,—,,—,,52466,0.158110128016587,—,,—,,—,,51922,0.158695034247099,—,,—,,—,,60575,0.175872320904926,—,,—,,—,,58602,0.18741964576977,—,,—,,—,,—,,—,,—,,—,,—,,—,,—,,—,,—,,—,,—,
    Non-U.S.,,—,,33299,0.100145862468234,—,,—,,—,,29808,0.0920909540286703,—,,—,,—,,29208,0.0927853718816612,—,,—,,—,,34294,0.103347477036573,—,,—,,—,,34024,0.103991368691947,—,,—,,—,,37133,0.10781125698989,—,,—,,—,,34848,0.11145011801278,—,,—,,—,,—,,—,,—,,—,,—,,—,,—,,—,,—,,—,,—,
    United States,,—,,18371,0.0552502969880152,—,,—,,—,,16498,0.0509700939199209,—,,—,,—,,16201,0.0514658932434536,—,,—,,—,,18172,0.054762650980014,—,,—,,—,,17898,0.0547036655551514,—,,—,,—,,23442,0.0680610639150355,—,,—,,—,,23754,0.0759695277569896,—,,—,,—,,—,,—,,—,,—,,—,,—,,—,,—,,—,,—,,—,
Sales Amount (Weight),,—,,—,,—,,—,,—,,—,,—,,—,,—,,—,,—,,—,,—,,—,,—,,—,,—,,—,,—,,—,,—,,—,,—,,—,,—,,—,,—,,11679,1.0,12011,1.0,12040,1.0,—,,12221,1.0,12134,1.0,11868,1.0,11866,1.0,12413,1.0,12571,1.0,11973,1.0,—,,—,
  Energy Products,,—,,—,,—,,—,,—,,—,,—,,—,,—,,—,,—,,—,,—,,—,,—,,—,,—,,—,,—,,—,,—,,—,,—,,—,,—,,—,,—,,5006,0.428632588406542,5302,0.441428690367163,5372,0.446179401993355,—,,5310,0.434497995254071,5537,0.456321081259271,5423,0.456943040107853,5277,0.444715995280634,5659,0.455893015387094,5551,0.441571871768356,5357,0.447423369247474,—,,—,
    United States,,—,,—,,—,,—,,—,,—,,—,,—,,—,,—,,—,,—,,—,,—,,—,,—,,—,,—,,—,,—,,—,,—,,—,,—,,—,,—,,—,,2230,0.19094100522305,2361,0.196569811006577,2396,0.199003322259136,—,,2452,0.200638245642746,2479,0.204301961430691,2507,0.211240310077519,2459,0.207230743300185,2743,0.22097800692822,2626,0.208893485005171,2704,0.225841476655809,—,,—,
    Non-U.S.,,—,,—,,—,,—,,—,,—,,—,,—,,—,,—,,—,,—,,—,,—,,—,,—,,—,,—,,—,,—,,—,,—,,—,,—,,—,,—,,—,,2776,0.237691583183492,2941,0.244858879360586,2976,0.247176079734219,—,,2858,0.233859749611325,3058,0.252019119828581,2916,0.245702730030334,2818,0.237485251980448,2916,0.234915008458874,2925,0.232678386763185,2653,0.221581892591665,—,,—,
  Specialty Products,,—,,—,,—,,—,,—,,—,,—,,—,,—,,—,,—,,—,,—,,—,,—,,—,,—,,—,,—,,—,,—,,—,,—,,—,,—,,—,,—,,1942,0.166281359705454,1895,0.157772042294563,1835,0.152408637873754,—,,2100,0.171835365354717,1917,0.157985824954673,1787,0.150572969329289,1940,0.163492331029833,1905,0.153468138242165,1912,0.152096094185029,1840,0.153679111333834,—,,—,
    Non-U.S.,,—,,—,,—,,—,,—,,—,,—,,—,,—,,—,,—,,—,,—,,—,,—,,—,,—,,—,,—,,—,,—,,—,,—,,—,,—,,—,,—,,1447,0.123897593972087,1424,0.118557988510532,1368,0.113621262458472,—,,1511,0.123639636690942,1434,0.11818031976265,1332,0.112234580384226,1464,0.123377717849317,1391,0.112059937162652,1414,0.112481107310477,1367,0.1141735571703,—,,—,
    United States,,—,,—,,—,,—,,—,,—,,—,,—,,—,,—,,—,,—,,—,,—,,—,,—,,—,,—,,—,,—,,—,,—,,—,,—,,—,,—,,—,,495,0.0423837657333676,471,0.0392140537840313,467,0.0387873754152824,—,,590,0.0482775550282301,483,0.0398055051920224,455,0.0383383889450624,476,0.0401146131805158,514,0.0414082010795134,498,0.0396149868745525,473,0.0395055541635346,—,,—,
  Chemical Products,,—,,—,,—,,—,,—,,—,,—,,—,,—,,—,,—,,—,,—,,—,,—,,—,,—,,—,,—,,—,,—,,—,,—,,—,,—,,—,,—,,4731,0.405086051888004,4814,0.400799267338273,4833,0.40141196013289,—,,4811,0.393666639391212,4680,0.385693093786056,4658,0.392483990562858,4649,0.391791673689533,4849,0.39063884637074,5108,0.406332034046615,4776,0.398897519418692,—,,—,
    Non-U.S.,,—,,—,,—,,—,,—,,—,,—,,—,,—,,—,,—,,—,,—,,—,,—,,—,,—,,—,,—,,—,,—,,—,,—,,—,,—,,—,,—,,2949,0.252504495247881,3007,0.250353842311215,3026,0.251328903654485,—,,2812,0.230095736846412,3023,0.249134662930608,3076,0.259184361307718,3088,0.260239339288724,3124,0.251671634576654,3358,0.267122742820778,3033,0.253319969932348,—,,—,
    United States,,—,,—,,—,,—,,—,,—,,—,,—,,—,,—,,—,,—,,—,,—,,—,,—,,—,,—,,—,,—,,—,,—,,—,,—,,—,,—,,—,,1782,0.152581556640123,1807,0.150445425027059,1807,0.150083056478405,—,,1998,0.163489076180345,1658,0.136640843909675,1583,0.133383889450624,1561,0.131552334400809,1725,0.138967211794087,1750,0.139209291225837,1743,0.145577549486344,—,,—,
Shipments/Sales (in Short Tons),,—,,—,,—,,—,,—,,—,,—,,—,,—,,—,,—,,—,,—,,—,,—,,—,,—,,—,,—,,—,,—,,—,,—,,—,,—,,—,,—,,—,,—,,—,,—,,—,,—,,—,,—,,—,,—,,—,,—,,—,
  Chemical Prime Product,,—,,—,,—,,—,,—,,—,,6173,,6310,,6133,,6309,,6072,,6120,,6446,,6782,,6668,,6852,,6677,,6672,,6772,,6699,,6476,,6569,,6237,,5945,,6624,,6643,,6446,,—,,6672,,6701,,6737,,—,,—,,—,,—,,—,,—,,—,,—,,—,
    Non-U.S.,,—,,—,,—,,—,,—,,—,,3773,,3863,,3813,,3900,,3792,,3786,,4152,,4383,,4277,,4441,,4232,,4095,,4450,,4404,,4260,,4275,,4042,,3960,,4261,,4176,,4256,,—,,4141,,4189,,4033,,—,,—,,—,,—,,—,,—,,—,,—,,—,
    United States,,—,,—,,—,,—,,—,,—,,2400,,2447,,2320,,2409,,2280,,2334,,2294,,2399,,2391,,2411,,2445,,2577,,2322,,2295,,2216,,2294,,2195,,1985,,2363,,2467,,2190,,—,,2531,,2512,,2704,,—,,—,,—,,—,,—,,—,,—,,—,,—,
Property Plant & Equip (Gross),,—,,—,,—,,—,,—,,447337,1.0,—,,—,,—,,453915,1.0,—,,—,,—,,477185,1.0,—,,—,,—,,477190,1.0,—,,—,,—,,486702,1.0,—,,—,,—,,505322,1.0,—,,—,,—,,216552,1.0,—,,—,,—,,204692,1.0,—,,—,,—,,214940,1.0,—,,—,
  Energy Products,,—,,—,,—,,—,,—,,—,,—,,—,,—,,—,,—,,—,,—,,—,,—,,—,,—,,—,,—,,—,,—,,—,,—,,—,,—,,—,,—,,—,,—,,27354,0.132682709144795,—,,—,,—,,26765,0.137766499552188,—,,—,,—,,27284,0.13625921412733,—,,—,
  Specialty Products,,—,,—,,—,,—,,—,,—,,—,,—,,—,,—,,—,,—,,—,,—,,—,,—,,—,,—,,—,,—,,—,,—,,—,,—,,—,,—,,—,,—,,—,,4447,0.0215705201274732,—,,—,,—,,4303,0.0221486735502733,—,,—,,—,,4378,0.0218642002437124,—,,—,
  Chemical Products,,—,,—,,—,,—,,—,,—,,—,,—,,—,,—,,—,,—,,—,,—,,—,,—,,—,,—,,—,,—,,—,,—,,—,,—,,—,,—,,—,,—,,—,,17409,0.0844437114682214,—,,—,,—,,19064,0.0981274256477831,—,,—,,—,,20329,0.101525200263689,—,,—,
  Upstream,,—,,—,,—,,—,,—,,347821,0.80692690305398,—,,—,,—,,355265,0.812446544303624,—,,—,,—,,371904,0.808112765176125,—,,—,,—,,372791,0.810344752630206,—,,—,,—,,376041,0.801185027995807,—,,—,,—,,386614,0.793210560438568,—,,—,,—,,156951,0.761303059259511,—,,—,,—,,144146,0.741957401249756,—,,—,,—,,148245,0.740351385365269,—,,—,
  Corporate & Financing,,—,,—,,—,,—,,—,,16293,,—,,—,,—,,16637,,—,,—,,—,,16972,,—,,—,,—,,17150,,—,,—,,—,,17346,,—,,—,,—,,17918,,—,,—,,—,,10391,,—,,—,,—,,10414,,—,,—,,—,,14704,,—,,—,
  Chemical Prime Product,,—,,—,,—,,—,,—,,32481,0.0753542561780236,—,,—,,—,,34098,0.0779778539052959,—,,—,,—,,37966,0.0824965831039106,—,,—,,—,,39008,0.0847926267281106,—,,—,,—,,40788,0.0869020530258482,—,,—,,—,,42868,0.0879516786895471,—,,—,,—,,—,,—,,—,,—,,—,,—,,—,,—,,—,,—,,—,
  Downstream,,—,,—,,—,,—,,—,,50742,0.117718840767996,—,,—,,—,,47915,0.10957560179108,—,,—,,—,,50343,0.109390651719964,—,,—,,—,,48241,0.104862620641683,—,,—,,—,,52527,0.111912918978345,—,,—,,—,,57922,0.118837760871885,—,,—,,—,,—,,—,,—,,—,,—,,—,,—,,—,,—,,—,,—,
Depreciation and Amortization,,—,,—,,—,,—,,—,,—,,—,,—,,—,,—,,—,,—,,—,,—,,—,,—,,—,,—,,—,,—,,—,,—,,—,,—,,—,,—,,—,,—,,—,,20607,1.0,—,,—,,—,,—,,—,,—,,—,,—,,—,,—,
  Energy Products,,—,,—,,—,,—,,—,,—,,—,,—,,—,,—,,—,,—,,—,,—,,—,,—,,—,,—,,—,,—,,—,,—,,—,,—,,—,,—,,—,,—,,—,,1736,0.0879789174944253,—,,—,,—,,—,,—,,—,,—,,—,,—,,—,
    United States,,—,,—,,—,,—,,—,,—,,—,,—,,—,,—,,—,,—,,—,,—,,—,,—,,—,,—,,—,,—,,—,,—,,—,,—,,—,,—,,—,,—,,—,,700,0.0354753699574296,—,,—,,—,,—,,—,,—,,—,,—,,—,,—,
    Non-U.S.,,—,,—,,—,,—,,—,,—,,—,,—,,—,,—,,—,,—,,—,,—,,—,,—,,—,,—,,—,,—,,—,,—,,—,,—,,—,,—,,—,,—,,—,,1036,0.0525035475369957,—,,—,,—,,—,,—,,—,,—,,—,,—,,—,
  Specialty Products,,—,,—,,—,,—,,—,,—,,—,,—,,—,,—,,—,,—,,—,,—,,—,,—,,—,,—,,—,,—,,—,,—,,—,,—,,—,,—,,—,,—,,—,,292,0.014798297182242,—,,—,,—,,—,,—,,—,,—,,—,,—,,—,
    Non-U.S.,,—,,—,,—,,—,,—,,—,,—,,—,,—,,—,,—,,—,,—,,—,,—,,—,,—,,—,,—,,—,,—,,—,,—,,—,,—,,—,,—,,—,,—,,195,0.00988242448814109,—,,—,,—,,—,,—,,—,,—,,—,,—,,—,
    United States,,—,,—,,—,,—,,—,,—,,—,,—,,—,,—,,—,,—,,—,,—,,—,,—,,—,,—,,—,,—,,—,,—,,—,,—,,—,,—,,—,,—,,—,,97,0.00491587269410095,—,,—,,—,,—,,—,,—,,—,,—,,—,,—,
  Chemical Products,,—,,—,,—,,—,,—,,—,,—,,—,,—,,—,,—,,—,,—,,—,,—,,—,,—,,—,,—,,—,,—,,—,,—,,—,,—,,—,,—,,—,,—,,955,0.0483985404419218,—,,—,,—,,—,,—,,—,,—,,—,,—,,—,
    Non-U.S.,,—,,—,,—,,—,,—,,—,,—,,—,,—,,—,,—,,—,,—,,—,,—,,—,,—,,—,,—,,—,,—,,—,,—,,—,,—,,—,,—,,—,,—,,450,0.0228055949726333,—,,—,,—,,—,,—,,—,,—,,—,,—,,—,
    United States,,—,,—,,—,,—,,—,,—,,—,,—,,—,,—,,—,,—,,—,,—,,—,,—,,—,,—,,—,,—,,—,,—,,—,,—,,—,,—,,—,,—,,—,,505,0.0255929454692885,—,,—,,—,,—,,—,,—,,—,,—,,—,,—,
  Upstream,,—,,—,,—,,—,,—,,—,,—,,—,,—,,—,,—,,—,,—,,—,,—,,—,,—,,—,,—,,—,,—,,—,,—,,—,,—,,—,,—,,—,,—,,16749,0.848824244881411,—,,—,,—,,—,,—,,—,,—,,—,,—,,—,
    United States,,—,,—,,—,,—,,—,,—,,—,,—,,—,,—,,—,,—,,—,,—,,—,,—,,—,,—,,—,,—,,—,,—,,—,,—,,—,,—,,—,,—,,—,,6831,0.346188931684573,—,,—,,—,,—,,—,,—,,—,,—,,—,,—,
    Non-U.S.,,—,,—,,—,,—,,—,,—,,—,,—,,—,,—,,—,,—,,—,,—,,—,,—,,—,,—,,—,,—,,—,,—,,—,,—,,—,,—,,—,,—,,—,,9918,0.502635313196838,—,,—,,—,,—,,—,,—,,—,,—,,—,,—,
  Corporate & Financing,,—,,—,,—,,—,,—,,—,,—,,—,,—,,—,,—,,—,,—,,—,,—,,—,,—,,—,,—,,—,,—,,—,,—,,—,,—,,—,,—,,—,,—,,875,,—,,—,,—,,—,,—,,—,,—,,—,,—,,—,
Capital Expenditures,,-9837,,-10464,,-7704,,-8261,,-7670,,-7416,,-5127,,-5158,,-4190,,-4829,,-4169,,-3925,,-5987,,-8999,,-4867,,-6627,,-6586,,-7843,,-6890,,-8079,,-7719,,-8460,,-7143,,-5327,,-4133,,-4771,,—,,-4904,,-4609,,-5808,,—,,-4609,,-5728,,-7463,,-6380,,-6166,,-6022,,-7757,,-5839,,-7039,
  Specialty Products,,—,,—,,—,,—,,—,,—,,—,,—,,—,,—,,—,,—,,—,,—,,—,,—,,—,,—,,—,,—,,—,,—,,—,,—,,—,,—,,—,,-23,0.00469004893964111,-56,0.0121527777777778,-211,0.0363354572068194,—,,-56,0.0121527777777778,-87,0.0152310924369748,-102,0.0137447783317612,-91,0.0147058823529412,-103,0.0168797115699771,-111,0.0187183811129848,-149,0.0199118000801817,-76,0.0135279458882164,-94,0.013633067440174
    United States,,—,,—,,—,,—,,—,,—,,—,,—,,—,,—,,—,,—,,—,,—,,—,,—,,—,,—,,—,,—,,—,,—,,—,,—,,—,,—,,—,,-5,0.00101957585644372,-14,0.00303819444444444,-167,0.0287583950404684,—,,-14,0.00303819444444444,-15,0.00262605042016807,-12,0.00161703274491308,-11,0.00177763413057531,-14,0.00229432972795805,-16,0.00269814502529511,-22,0.00293999732727516,-8,0.00142399430402278,-21,0.00304568527918782
    Non-U.S.,,—,,—,,—,,—,,—,,—,,—,,—,,—,,—,,—,,—,,—,,—,,—,,—,,—,,—,,—,,—,,—,,—,,—,,—,,—,,—,,—,,-18,0.00367047308319739,-42,0.00911458333333333,-44,0.00757706216635096,—,,-42,0.00911458333333333,-72,0.0126050420168067,-90,0.0121277455868481,-80,0.0129282482223659,-89,0.014585381842019,-95,0.0160202360876897,-127,0.0169718027529066,-68,0.0121039515841937,-73,0.0105873821609862
  Corporate & Financing,,-7,,-16,,-12,,-60,,-41,,-75,,-9,,-34,,-26,,-24,,-8,,-18,,-18,,-46,,-29,,-9,,-11,,-16,,-4,,-6,,-7,,-10,,-1,,-2,,-3,,0,,—,,0,,-1,,-1,,—,,-1,,-16,,-42,,-192,,-64,,-92,,-274,,-221,,-144,
  Chemical Products,,—,,—,,—,,—,,—,,—,,—,,—,,—,,—,,—,,—,,—,,—,,—,,—,,—,,—,,—,,—,,—,,—,,—,,—,,—,,—,,—,,-436,0.0889070146818923,-419,0.0909288194444444,-680,0.117100051661787,—,,-419,0.0909288194444444,-954,0.167016806722689,-1156,0.155774154426627,-831,0.134292178409825,-659,0.107997377908882,-371,0.0625632377740303,-852,0.113858078310838,-433,0.0770736917052332,-502,0.0728063814358231
    United States,,—,,—,,—,,—,,—,,—,,—,,—,,—,,—,,—,,—,,—,,—,,—,,—,,—,,—,,—,,—,,—,,—,,—,,—,,—,,—,,—,,-231,0.0471044045676998,-250,0.0542534722222222,-300,0.0516617874978474,—,,-250,0.0542534722222222,-310,0.0542717086834734,-332,0.0447379059425953,-285,0.0460568842921784,-152,0.0249098656178302,-103,0.0173693086003373,-211,0.0281972470934117,-152,0.0270558917764329,-157,0.0227701232777375
    Non-U.S.,,—,,—,,—,,—,,—,,—,,—,,—,,—,,—,,—,,—,,—,,—,,—,,—,,—,,—,,—,,—,,—,,—,,—,,—,,—,,—,,—,,-205,0.0418026101141925,-169,0.0366753472222222,-380,0.0654382641639401,—,,-169,0.0366753472222222,-644,0.112745098039216,-824,0.111036248484032,-546,0.0882352941176471,-507,0.0830875122910521,-268,0.0451939291736931,-641,0.0856608312174262,-281,0.0500177999288003,-345,0.0500362581580856
  Energy Products,,—,,—,,—,,—,,—,,—,,—,,—,,—,,—,,—,,—,,—,,—,,—,,—,,—,,—,,—,,—,,—,,—,,—,,—,,—,,—,,—,,-566,0.115415986949429,-506,0.109809027777778,-675,0.116239021870157,—,,-506,0.109809027777778,-590,0.103291316526611,-748,0.100795041099582,-685,0.110698125404008,-731,0.119796787938381,-647,0.109106239460371,-712,0.095149004409996,-527,0.0938056247775009,-552,0.0800580130529369
    United States,,—,,—,,—,,—,,—,,—,,—,,—,,—,,—,,—,,—,,—,,—,,—,,—,,—,,—,,—,,—,,—,,—,,—,,—,,—,,—,,—,,-392,0.0799347471451876,-300,0.0651041666666667,-331,0.0570001722059583,—,,-300,0.0651041666666667,-316,0.0553221288515406,-343,0.0462201859587657,-358,0.0578539107950873,-349,0.057194362504097,-261,0.0440134907251265,-227,0.0303354269677937,-179,0.0318618725525098,-185,0.0268310369833212
    Non-U.S.,,—,,—,,—,,—,,—,,—,,—,,—,,—,,—,,—,,—,,—,,—,,—,,—,,—,,—,,—,,—,,—,,—,,—,,—,,—,,—,,—,,-174,0.0354812398042414,-206,0.0447048611111111,-344,0.0592388496641984,—,,-206,0.0447048611111111,-274,0.04796918767507,-405,0.0545748551408166,-327,0.0528442146089205,-382,0.0626024254342838,-386,0.0650927487352445,-485,0.0648135774422023,-348,0.0619437522249911,-367,0.0532269760696157
  Upstream,,-8424,0.856968463886063,-8645,0.827431087289433,-6417,0.834243369734789,-6746,0.8225826118766,-6374,0.835496133176039,-5870,0.799618580574854,-3979,0.777452129738179,-3919,0.764832162373146,-3072,0.737752161383285,-3572,0.743392299687825,-3119,0.74957942802211,-2786,0.713079088814948,-3175,0.531914893617021,-7615,0.850552887300346,-3759,0.77697395618024,-4855,0.73360531882744,-5330,0.8106463878327,-6250,0.798517950683531,-5361,0.778536160325298,-6242,0.773194599281556,-5791,0.750907676348548,-6091,0.720828402366864,-5126,0.717726127135256,-3577,0.671737089201878,-2794,0.676513317191283,-2934,0.614965416055334,—,,-3879,0.790986949429037,-3627,0.787109375,-4241,0.730325469261236,—,,-3627,0.787109375,-4081,0.714460784313726,-5415,0.729686026142029,-4581,0.740303813833226,-4609,0.75532612258276,-4801,0.809612141652614,-5770,0.771081117198984,-4582,0.815592737629049,-5747,0.833502538071066
    United States,,-2261,0.23001017293998,-2350,0.224923430321593,-2120,0.275611024440978,-2095,0.25545665162785,-1992,0.261108926464805,-1615,0.219997275575535,-1075,0.210042985541227,-914,0.178376268540203,-712,0.170989433237272,-817,0.17003121748179,-704,0.169190098534006,-756,0.193498848221142,-1098,0.183950410454012,-1158,0.12934211995979,-1248,0.257957833815626,-1752,0.264732547597461,-2040,0.310266159695818,-2630,0.33601635364763,-2548,0.370026139994191,-3255,0.403195837978447,-3002,0.389263485477178,-2848,0.337041420118343,-2798,0.391767012041445,-1637,0.307417840375587,-1260,0.305084745762712,-1122,0.235170823726682,—,,-1369,0.27915986949429,-1644,0.356770833333333,-1307,0.225073187532289,—,,-1644,0.356770833333333,-1837,0.321603641456583,-2118,0.285406279477159,-2108,0.340659340659341,-2206,0.361520812848246,-2241,0.377908937605396,-2258,0.30175063477215,-2269,0.403880384478462,-2773,0.402175489485134
    Non-U.S.,,-6163,0.626958290946083,-6295,0.602507656967841,-4297,0.558632345293812,-4651,0.56712596024875,-4382,0.574387206711233,-4255,0.579621304999319,-2904,0.567409144196952,-3005,0.586455893832943,-2360,0.566762728146013,-2755,0.573361082206035,-2415,0.580389329488104,-2030,0.519580240593806,-2077,0.347964483163009,-6457,0.721210767340556,-2511,0.519016122364613,-3103,0.468872771229979,-3290,0.500380228136882,-3620,0.462501597035901,-2813,0.408510020331107,-2987,0.369998761303109,-2789,0.361644190871369,-3243,0.383786982248521,-2328,0.325959115093811,-1940,0.364319248826291,-1534,0.371428571428571,-1812,0.379794592328652,—,,-2510,0.511827079934747,-1983,0.430338541666667,-2934,0.505252281728948,—,,-1983,0.430338541666667,-2244,0.392857142857143,-3297,0.44427974666487,-2473,0.399644473173885,-2403,0.393805309734513,-2560,0.431703204047218,-3512,0.469330482426834,-2313,0.411712353150587,-2974,0.431327048585932
  Chemical Prime Product,,-626,0.0636826042726348,-771,0.0737940275650842,-654,0.0850234009360374,-828,0.100963297158883,-669,0.0876917027133307,-692,0.0942650865004768,-611,0.119382571316921,-563,0.109875097580016,-503,0.120797310278578,-530,0.110301768990635,-497,0.11944244172074,-535,0.136933708727924,-2183,0.365722901658569,-556,0.0621020886853569,-465,0.0961140967341877,-533,0.0805379268661227,-526,0.08,-711,0.0908394020697585,-696,0.101074644205635,-718,0.0889384367645237,-852,0.110477178423237,-999,0.118224852071006,-782,0.109493139176701,-695,0.130516431924883,-564,0.136561743341404,-675,0.141479773632362,—,,—,,—,,—,,—,,—,,—,,—,,—,,—,,—,,—,,—,,—,
    Non-U.S.,,-284,0.0288911495422177,-322,0.0308192955589587,-224,0.0291211648465939,-258,0.0314595781002317,-217,0.0284440949010355,-199,0.0271080234300504,-177,0.0345838218053927,-208,0.0405932864949258,-144,0.0345821325648415,-125,0.0260145681581686,-109,0.0261956260514299,-121,0.0309700537496801,-1791,0.300050259674987,-167,0.0186529654864291,-122,0.0252170318313353,-119,0.0179812632215171,-115,0.0174904942965779,-132,0.0168646991184362,-144,0.0209119953528899,-165,0.0204384986993683,-196,0.0254149377593361,-213,0.025207100591716,-185,0.0259031083730048,-132,0.0247887323943662,-157,0.0380145278450363,-240,0.0503039195137288,—,,—,,—,,—,,—,,—,,—,,—,,—,,—,,—,,—,,—,,—,
    United States,,-342,0.0347914547304171,-449,0.0429747320061256,-430,0.0559022360894436,-570,0.0695037190586514,-452,0.0592476078122952,-493,0.0671570630704264,-434,0.0847987495115279,-355,0.0692818110850898,-359,0.0862151777137368,-405,0.0842872008324662,-388,0.0932468156693103,-414,0.105963654978244,-392,0.0656726419835818,-389,0.0434491231989277,-343,0.0708970649028524,-414,0.0625566636446056,-411,0.062509505703422,-579,0.0739747029513223,-552,0.0801626488527447,-553,0.0684999380651555,-656,0.0850622406639004,-786,0.09301775147929,-597,0.0835900308036965,-563,0.105727699530516,-407,0.098547215496368,-435,0.0911758541186334,—,,—,,—,,—,,—,,—,,—,,—,,—,,—,,—,,—,,—,,—,
  Downstream,,-780,0.0793489318413021,-1032,0.0987748851454824,-621,0.0807332293291732,-627,0.0764540909645165,-586,0.0768121641106305,-779,0.10611633292467,-528,0.1031652989449,-642,0.125292740046838,-589,0.141450528338136,-703,0.14630593132154,-545,0.13097813025715,-586,0.149987202457128,-611,0.102362204724409,-782,0.0873450240142969,-614,0.126911947085573,-1230,0.185856754306437,-719,0.1093536121673,-866,0.11064264724671,-829,0.120389195469068,-1113,0.13786696395392,-1069,0.138615145228216,-1360,0.16094674556213,-1234,0.172780733688043,-1053,0.197746478873239,-772,0.186924939467312,-1162,0.243554810312303,—,,—,,—,,—,,—,,—,,—,,—,,—,,—,,—,,—,,—,,—,
    Non-U.S.,,-416,0.0423194303153611,-610,0.0583843797856049,-326,0.0423816952678107,-361,0.0440190220704792,-344,0.0450910997509503,-543,0.0739681242337556,-339,0.0662368112543962,-415,0.0809914129586261,-397,0.0953410182516811,-472,0.0982310093652446,-340,0.0817111271329008,-413,0.105707704120809,-430,0.0720388674819903,-518,0.0578577013291634,-396,0.0818520049607276,-884,0.133575098216984,-422,0.0641825095057034,-541,0.0691197138111665,-415,0.0602672088295092,-489,0.0605722779635823,-479,0.0621109958506224,-635,0.0751479289940828,-487,0.0681881825819098,-334,0.0627230046948357,-382,0.0924939467312349,-674,0.141270173967722,—,,—,,—,,—,,—,,—,,—,,—,,—,,—,,—,,—,,—,,—,
    United States,,-364,0.037029501525941,-422,0.0403905053598775,-295,0.0383515340613625,-266,0.0324350688940373,-242,0.0317210643596802,-236,0.032148208690914,-189,0.0369284876905041,-227,0.0443013270882123,-192,0.0461095100864553,-231,0.0480749219562955,-205,0.049267003124249,-173,0.0442794983363194,-181,0.0303233372424192,-264,0.0294873226851335,-218,0.045059942124845,-346,0.052281656089453,-297,0.045171102661597,-325,0.0415229334355436,-414,0.0601219866395585,-624,0.0772946859903382,-590,0.0765041493775934,-725,0.0857988165680473,-747,0.104592551106133,-719,0.135023474178404,-390,0.0944309927360775,-488,0.102284636344582,—,,—,,—,,—,,—,,—,,—,,—,,—,,—,,—,,—,,—,,—,
Total Refining Inputs (mbpd),,4591,1.0,4349,1.0,4546,1.0,4330,1.0,4457,1.0,4395,1.0,4185,1.0,4152,1.0,4365,1.0,4371,1.0,4324,1.0,4345,1.0,4287,1.0,4207,1.0,4293,1.0,4105,1.0,4392,1.0,4298,1.0,3886,1.0,3930,1.0,4052,1.0,4053,1.0,4060,1.0,3516,1.0,3759,1.0,3755,1.0,3751,1.0,3858,1.0,4051,1.0,4118,1.0,3983,1.0,3988,1.0,4165,1.0,3983,1.0,3998,1.0,4173,1.0,4215,1.0,3886,1.0,3843,1.0,3740,1.0
  Refinery Throughput,,4591,1.0,4349,1.0,4546,1.0,4330,1.0,4457,1.0,4395,1.0,4185,1.0,4152,1.0,4365,1.0,4371,1.0,4324,1.0,4345,1.0,4287,1.0,4207,1.0,4293,1.0,4105,1.0,4392,1.0,4298,1.0,3886,1.0,3930,1.0,4052,1.0,4053,1.0,4060,1.0,3516,1.0,3759,1.0,3755,1.0,3751,1.0,3858,1.0,4051,1.0,4118,1.0,3983,1.0,3988,1.0,4165,1.0,3983,1.0,3998,1.0,4173,1.0,4215,1.0,3886,1.0,3843,1.0,3740,1.0
Total Refining Outputs (mbpd),,5999,1.0,—,,5814,1.0,5737,1.0,5788,1.0,—,,—,,—,,—,,—,,—,,—,,—,,—,,—,,—,,—,,—,,—,,—,,—,,—,,—,,—,,—,,—,,—,,—,,—,,—,,—,,—,,—,,—,,—,,—,,—,,—,,—,,—,
  Aviation fuels,,445,0.0741790298383064,—,,410,0.0705194358445132,404,0.0704200801812794,433,0.0748099516240498,—,,—,,—,,—,,—,,—,,—,,—,,—,,—,,—,,—,,—,,—,,—,,—,,—,,—,,—,,—,,—,,—,,—,,—,,—,,—,,—,,—,,—,,—,,—,,—,,—,,—,,—,
  Heavy fuels,,389,0.064844140690115,—,,395,0.0679394564843481,377,0.0657137876939167,372,0.0642709053213545,—,,—,,—,,—,,—,,—,,—,,—,,—,,—,,—,,—,,—,,—,,—,,—,,—,,—,,—,,—,,—,,—,,—,,—,,—,,—,,—,,—,,—,,—,,—,,—,,—,,—,,—,
  Specialty petroleum products,,715,0.119186531088515,—,,652,0.112143102855177,706,0.123060833188077,693,0.119730476848652,—,,—,,—,,—,,—,,—,,—,,—,,—,,—,,—,,—,,—,,—,,—,,—,,—,,—,,—,,—,,—,,—,,—,,—,,—,,—,,—,,—,,—,,—,,—,,—,,—,,—,,—,
"  Heating oils, kerosene, diesel oils",,1968,0.328054675779297,—,,1994,0.34296525627795,1874,0.326651560048806,1908,0.329647546648238,—,,—,,—,,—,,—,,—,,—,,—,,—,,—,,—,,—,,—,,—,,—,,—,,—,,—,,—,,—,,—,,—,,—,,—,,—,,—,,—,,—,,—,,—,,—,,—,,—,,—,,—,
"  Gasoline, naphthas",,2482,0.413735622603767,—,,2363,0.406432748538012,2376,0.414153738887921,2382,0.411541119557706,—,,—,,—,,—,,—,,—,,—,,—,,—,,—,,—,,—,,—,,—,,—,,—,,—,,—,,—,,—,,—,,—,,—,,—,,—,,—,,—,,—,,—,,—,,—,,—,,—,,—,,—,
Total Refining Outputs (Tons),,—,,—,,—,,—,,—,,—,,—,,—,,—,,—,,—,,—,,—,,—,,—,,—,,—,,—,,—,,—,,—,,—,,—,,—,,—,,—,,—,,5006,1.0,5302,1.0,5372,1.0,—,,5310,1.0,5537,1.0,5423,1.0,5277,1.0,5659,1.0,5551,1.0,5357,1.0,5232,1.0,5320,1.0
  Energy Products,,—,,—,,—,,—,,—,,—,,—,,—,,—,,—,,—,,—,,—,,—,,—,,—,,—,,—,,—,,—,,—,,—,,—,,—,,—,,—,,—,,5006,1.0,5302,1.0,5372,1.0,—,,5310,1.0,5537,1.0,5423,1.0,5277,1.0,5659,1.0,5551,1.0,5357,1.0,5232,1.0,5320,1.0
    Non-U.S.,,—,,—,,—,,—,,—,,—,,—,,—,,—,,—,,—,,—,,—,,—,,—,,—,,—,,—,,—,,—,,—,,—,,—,,—,,—,,—,,—,,2776,0.554534558529764,2941,0.554696341003395,2976,0.553983618763961,—,,2858,0.538229755178908,3058,0.552284630666426,2916,0.537709754748294,2818,0.534015539132083,2916,0.51528538611062,2925,0.526932084309134,2653,0.495239873063282,2656,0.507645259938838,2681,0.503947368421053
    United States,,—,,—,,—,,—,,—,,—,,—,,—,,—,,—,,—,,—,,—,,—,,—,,—,,—,,—,,—,,—,,—,,—,,—,,—,,—,,—,,—,,2230,0.445465441470236,2361,0.445303658996605,2396,0.446016381236039,—,,2452,0.461770244821092,2479,0.447715369333574,2507,0.462290245251706,2459,0.465984460867917,2743,0.48471461388938,2626,0.473067915690867,2704,0.504760126936718,2576,0.492354740061162,2639,0.496052631578947
Total Refining Capacity (mbpd),,—,,—,,—,,—,,—,,—,,—,,—,,—,,—,,—,,—,,—,,—,,—,,—,,—,,—,,—,,—,,—,,4739,1.0,—,,—,,—,,4770,1.0,—,,—,,—,,4567,1.0,—,,—,,—,,4582,1.0,—,,—,,—,,—,,—,,—,
  Refining Capacity,,—,,—,,—,,—,,—,,—,,—,,—,,—,,—,,—,,—,,—,,—,,—,,—,,—,,—,,—,,—,,—,,4739,1.0,—,,—,,—,,4770,1.0,—,,—,,—,,4567,1.0,—,,—,,—,,4582,1.0,—,,—,,—,,—,,—,,—,
Source: Bloomberg,,,,,,,,,,,,,,,,,,,,,,,,,,,,,,,,,,,,,,,,,,,,,,,,,,,,,,,,,,,,,,,,,,,,,,,,,,,,,,,,,
