Unnamed: 0,Unnamed: 1,Unnamed: 2,Unnamed: 3,Unnamed: 4,Unnamed: 5,Unnamed: 6,Unnamed: 7,Unnamed: 8,Unnamed: 9,Unnamed: 10,Unnamed: 11,Unnamed: 12,Unnamed: 13,Unnamed: 14,Unnamed: 15,Unnamed: 16,Unnamed: 17,Unnamed: 18,Unnamed: 19,Unnamed: 20,Unnamed: 21,Unnamed: 22,Unnamed: 23,Unnamed: 24,Unnamed: 25,Unnamed: 26,Unnamed: 27,Unnamed: 28,Unnamed: 29,Unnamed: 30,Unnamed: 31,Unnamed: 32,Unnamed: 33,Unnamed: 34,Unnamed: 35,Unnamed: 36,Unnamed: 37,Unnamed: 38,Unnamed: 39,Unnamed: 40,Unnamed: 41,Unnamed: 42,Unnamed: 43,Unnamed: 44,Unnamed: 45,Unnamed: 46,Unnamed: 47,Unnamed: 48,Unnamed: 49,Unnamed: 50,Unnamed: 51,Unnamed: 52,Unnamed: 53,Unnamed: 54,Unnamed: 55,Unnamed: 56,Unnamed: 57,Unnamed: 58,Unnamed: 59,Unnamed: 60,Unnamed: 61,Unnamed: 62,Unnamed: 63,Unnamed: 64,Unnamed: 65,Unnamed: 66,Unnamed: 67,Unnamed: 68,Unnamed: 69,Unnamed: 70,Unnamed: 71,Unnamed: 72,Unnamed: 73,Unnamed: 74,Unnamed: 75,Unnamed: 76,Unnamed: 77,Unnamed: 78,Unnamed: 79,Unnamed: 80,Unnamed: 81
PetroChina Co Ltd (857 HK) - By Measure,,,,,,,,,,,,,,,,,,,,,,,,,,,,,,,,,,,,,,,,,,,,,,,,,,,,,,,,,,,,,,,,,,,,,,,,,,,,,,,,,
,,,,,,,,,,,,,,,,,,,,,,,,,,,,,,,,,,,,,,,,,,,,,,,,,,,,,,,,,,,,,,,,,,,,,,,,,,,,,,,,,
date,,Q3 2014,,Q4 2014,,Q1 2015,,Q2 2015,,Q3 2015,,Q4 2015,,Q1 2016,,Q2 2016,,Q3 2016,,Q4 2016,,Q1 2017,,Q2 2017,,Q3 2017,,Q4 2017,,Q1 2018,,Q2 2018,,Q3 2018,,Q4 2018,,Q1 2019,,Q2 2019,,Q3 2019,,Q4 2019,,Q1 2020,,Q2 2020,,Q3 2020,,Q4 2020,,Q1 2021,,Q2 2021,,Q3 2021,,Q4 2021,,Q1 2022,,Q2 2022,,Q3 2022,,Q4 2022,,Q1 2023,,Q2 2023,,Q3 2023,,Q4 2023,,Q1 2024,,Q2 2024,
date,,09/30/2014,,12/31/2014,,03/31/2015,,06/30/2015,,09/30/2015,,12/31/2015,,03/31/2016,,06/30/2016,,09/30/2016,,12/31/2016,,03/31/2017,,06/30/2017,,09/30/2017,,12/31/2017,,03/31/2018,,06/30/2018,,09/30/2018,,12/31/2018,,03/31/2019,,06/30/2019,,09/30/2019,,12/31/2019,,03/31/2020,,06/30/2020,,09/30/2020,,12/31/2020,,03/31/2021,,06/30/2021,,09/30/2021,,12/31/2021,,03/31/2022,,06/30/2022,,09/30/2022,,12/31/2022,,03/31/2023,,06/30/2023,,09/30/2023,,12/31/2023,,03/31/2024,,06/30/2024,
Revenue,,600580,1.0,528414,1.0,410336,1.0,467288,1.0,427481,1.0,420323,1.0,352830,1.0,386237,1.0,411370,1.0,466466,1.0,493559,1.0,482350,1.0,481795,1.0,558186,1.0,542654,1.0,576983,1.0,607080,1.0,648217,1.0,594815,1.0,601444,1.0,618143,1.0,702408,1.0,509098,1.0,419947,1.0,497125,1.0,507666,1.0,551923,1.0,644658,1.0,683760,1.0,734008,1.0,779368,1.0,835253,1.0,840780,1.0,783766,1.0,732471,1.0,747400,1.0,802264,1.0,728877,1.0,812184,1.0,741685,1.0
  Marketing,,454530,0.757312708684612,382013,0.724502916878447,281863,0.68736678843687,355023,0.760214045275843,306298,0.717179403728046,293523,0.699725614625622,238601,0.676747879853646,288622,0.748070353686415,312998,0.761287435271913,335051,0.719217353039036,351814,0.713025678441864,367853,0.763057015669663,358782,0.745217532184295,402315,0.721568775154424,381489,0.703180902420007,424427,0.735825341017053,462280,0.761914179996209,454159,0.701830921054665,412925,0.694412912708383,454080,0.755411302222747,471352,0.763347800738485,511877,0.729655952971497,349402,0.686470864449304,263365,0.627534657192827,310512,0.62512607731937,297751,0.588179169341696,337530,0.611685692176375,452458,0.702358591613138,492323,0.720566883865793,490266,0.669386451050025,525220,0.674161918490099,594385,0.712326288187836,615139,0.732119202539344,516648,0.65967302869809,465446,0.635834344229151,523876,0.701539466918067,578935,0.722445108597313,424381,0.583450651943181,505692,0.623173242930501,490160,0.661581798132249
    Intersegment Sales,,—,,-54405,-0.103181256116341,—,,—,,—,,—,,—,,—,,—,,—,,—,,—,,—,,—,,—,,—,,—,,—,,—,,—,,—,,—,,—,,—,,—,,—,,—,,—,,—,,—,,—,,—,,—,,—,,—,,—,,—,,—,,—,,—,
    Marketing Gross,,—,,436418,0.827684172994788,—,,—,,—,,—,,—,,—,,—,,—,,—,,—,,—,,—,,—,,—,,—,,—,,—,,—,,—,,—,,—,,—,,—,,—,,—,,—,,—,,—,,—,,—,,—,,—,,—,,—,,—,,—,,—,,—,
  Natural Gas Marketing,,58078,0.0967663465447493,77667,0.147298568491644,70110,0.170974145373139,55947,0.119799830408305,59109,0.138400372757775,70353,0.167713590300441,64278,0.182312732223388,43742,0.113373524578692,45686,0.111119488839649,65987,0.141647079026736,73746,0.149461907946738,54107,0.112237023884102,56302,0.116943540916323,81155,0.145554885966611,90492,0.166799688121522,67038,0.116223188466099,67866,0.11185443397859,101331,0.156591037635256,105666,0.177697729210496,69794,0.11610988466203,69794,0.113030381550819,105117,0.149839209045346,96201,0.189006312588043,65855,0.156916427199642,70098,0.14112204284515,103180,0.203822410983258,110523,0.20029430793236,78335,0.121600812172655,82125,0.120198640602771,126513,0.172734980768994,137636,0.176666824974874,105046,0.125889831117844,111639,0.132869246873129,142734,0.1822474297359,153443,0.209614712085943,110222,0.147601881213576,110093,0.137383556601007,160184,0.220225361717104,170072,0.209582749522785,112524,0.151876591833347
    Intersegment Sales,,—,,-7156,-0.0135716399001661,—,,—,,—,,—,,—,,—,,—,,—,,—,,—,,—,,—,,—,,—,,—,,—,,—,,—,,—,,—,,—,,—,,—,,—,,—,,—,,—,,—,,—,,—,,—,,—,,—,,—,,—,,—,,—,,—,
    Natural Gas and Pipeline Gross,,—,,84823,0.16087020839181,—,,—,,—,,—,,—,,—,,—,,—,,—,,—,,—,,—,,—,,—,,—,,—,,—,,—,,—,,—,,—,,—,,—,,—,,—,,—,,—,,—,,—,,—,,—,,—,,—,,—,,—,,—,,—,,—,
"  Refining, Chemicals & New Materials",,47569,0.0792568328590375,42915,0.0813900120619941,34842,0.08496763903995,35629,0.0762927084136324,35382,0.0828449472824038,34568,0.082406200012873,33874,0.0960773747057322,34396,0.0891499188745069,34158,0.0830805826683173,41229,0.0885017870367389,45863,0.0929510954378711,38045,0.0789187641833894,43913,0.0912106445998097,44468,0.0797552174131388,46533,0.0857721112071651,54302,0.0941428977607645,46762,0.0770715386453724,57068,0.0881895701786106,47276,0.0795036988828516,46451,0.0772762737833616,45837,0.0742323638012567,50937,0.0726082345495287,39972,0.0785330747785289,71041,0.16927340224265,88181,0.177526931725986,82914,0.163788829077979,78255,0.141816916544491,85848,0.133263375546028,80349,0.117599276393207,80502,0.109913695998558,83509,0.107190487131468,93388,0.111918583748388,77818,0.0926165502483287,82309,0.105094817591689,78017,0.106577106761527,78380,0.104961218717861,76777,0.0958089735510479,103009,0.141619601739982,101481,0.125056840657614,101326,0.136762357755729
    Intersegment Sales,,—,,-161981,-0.307203438047626,—,,—,,—,,—,,—,,—,,—,,—,,—,,—,,—,,—,,—,,—,,—,,—,,—,,—,,—,,—,,—,,—,,—,,—,,—,,—,,—,,—,,—,,—,,—,,—,,—,,—,,—,,—,,—,,—,
    Refining and Chemicals Gross,,—,,204896,0.38859345010962,—,,—,,—,,—,,—,,—,,—,,—,,—,,—,,—,,—,,—,,—,,—,,—,,—,,—,,—,,—,,—,,—,,—,,—,,—,,—,,—,,—,,—,,—,,—,,—,,—,,—,,—,,—,,—,,—,
"  Oil, Gas & New Energies",,40011,0.066664111911601,24681,0.0468085025679151,23247,0.0566914271500407,20405,0.0436934159022193,26298,0.0615752762317748,21039,0.0501545950610633,15817,0.0448620132172335,19062,0.0494062028603864,18301,0.0445124932201205,23588,0.0506337808974896,21987,0.0445613181735271,22073,0.0457871962628454,22449,0.0466282822995725,29618,0.0531211214658259,24005,0.0442472982513055,31037,0.0538085727560835,29827,0.0491598473798281,34548,0.0533884711314684,28772,0.0483856591982699,30778,0.0512025393318616,30497,0.0493894539094384,33601,0.0478966034336281,23408,0.045989748184124,19421,0.046275513364881,27928,0.0562249481094945,22380,0.0442095905970665,25495,0.0462030833467741,27557,0.0427772206681797,28447,0.0416351991382288,35130,0.0479648721824222,32706,0.0419807694035589,41609,0.0498652969459318,35621,0.0423950003391981,41497,0.0529847239743203,35118,0.0479738369233796,34274,0.0458974331504971,35550,0.0443623612506317,39790,0.0547043845997327,34234,0.0421871668891,36881,0.0497792522786753
    Intersegment Sales,,—,,-161157,-0.305640689126757,—,,—,,—,,—,,—,,—,,—,,—,,—,,—,,—,,—,,—,,—,,—,,—,,—,,—,,—,,—,,—,,—,,—,,—,,—,,—,,—,,—,,—,,—,,—,,—,,—,,—,,—,,—,,—,,—,
    Exploration and Production Gross,,—,,185838,0.352449191694672,—,,—,,—,,—,,—,,—,,—,,—,,—,,—,,—,,—,,—,,—,,—,,—,,—,,—,,—,,—,,—,,—,,—,,—,,—,,—,,—,,—,,—,,—,,—,,—,,—,,—,,—,,—,,—,,—,
  Head Office & Other,,392,,—,,274,,284,,394,,840,,260,,415,,227,,611,,149,,272,,349,,630,,135,,179,,345,,1111,,176,,341,,663,,876,,115,,265,,406,,1441,,120,,460,,516,,1597,,297,,825,,563,,578,,447,,648,,909,,1513,,705,,794,
  Other,,—,,1138,,—,,—,,—,,—,,—,,—,,—,,—,,—,,—,,—,,—,,—,,—,,—,,—,,—,,—,,—,,—,,—,,—,,—,,—,,—,,—,,—,,—,,—,,—,,—,,—,,—,,—,,—,,—,,—,,—,
    Intersegment Sales,,—,,-390,,—,,—,,—,,—,,—,,—,,—,,—,,—,,—,,—,,—,,—,,—,,—,,—,,—,,—,,—,,—,,—,,—,,—,,—,,—,,—,,—,,—,,—,,—,,—,,—,,—,,—,,—,,—,,—,,—,
    Other Gross,,—,,1528,,—,,—,,—,,—,,—,,—,,—,,—,,—,,—,,—,,—,,—,,—,,—,,—,,—,,—,,—,,—,,—,,—,,—,,—,,—,,—,,—,,—,,—,,—,,—,,—,,—,,—,,—,,—,,—,,—,
Intersegment Revenue,,388794,1.0,—,,—,,556569,1.0,256816,1.0,246738,1.0,214053,1.0,221127,1.0,225216,1.0,268985,1.0,274338,1.0,272493,1.0,280962,1.0,327853,1.0,—,,362963,1.0,426773,1.0,435330,1.0,379164,1.0,1363053,1.0,401369,1.0,428904,1.0,352966,1.0,272263,1.0,304895,1.0,313473,1.0,340525,1.0,396550,1.0,419729,1.0,483131,1.0,484293,1.0,544486,1.0,565460,1.0,557047,1.0,511498,1.0,511325,1.0,578970,1.0,595980,1.0,540236,1.0,559977,1.0
"  Refining, Chemicals & New Materials",,167072,0.429825802617463,—,,—,,263968,0.474405932230805,122601,0.477576300566776,115438,0.468736168916861,106271,0.496542411527787,106452,0.481519846206039,107814,0.479011533881889,118316,0.440616108802193,126901,0.462591952640289,120894,0.443777989868585,136319,0.485328254058673,151404,0.462495761585763,—,,168813,0.465162353407989,198835,0.465985310453764,188635,0.433785281632165,167104,0.440756468757418,557330,0.408897686437184,180740,0.450442367601246,184714,0.432119964441117,137634,0.38995546086109,121164,0.445141664707265,120612,0.396708241237764,113257,0.361722106002779,136851,0.40192487863044,158430,0.399514822622782,166078,0.395751718090227,188659,0.391378670102088,191099,0.394614139278251,215856,0.3965164103817,217851,0.385302846470299,202766,0.365987094445197,200350,0.391756205821104,218258,0.4269130185605,250974,0.433536016583175,215396,0.363421625844245,213952,0.396060718252499,218807,0.390779820118445
"  Oil, Gas & New Energies",,152359,0.391973696735503,—,,—,,202226,0.363442591720613,91446,0.356216037239741,90751,0.368494569079281,67927,0.317383259664894,79674,0.360393531606921,82219,0.365294389450674,105896,0.394363259894833,96153,0.350506331882505,102407,0.375915865208135,95328,0.339390487040729,115415,0.352559696728097,—,,126836,0.349495194427299,145935,0.342010039887696,151038,0.347327173468121,123570,0.325930419644977,143219,0.105075839724843,132640,0.330566978193146,153243,0.358496701445749,131184,0.371680814170926,81437,0.299189542675758,104160,0.342595516261446,120889,0.386097315597004,122515,0.359820728422945,137442,0.346589132430224,146023,0.347962120995492,165725,0.343801409435375,176735,0.364952877332386,196300,0.360593040535948,205788,0.363967584125985,199023,0.35923108162989,181584,0.355061936001095,173806,0.339964831089473,187437,0.323781309379858,204776,0.345503290933356,188885,0.349657534246575,189723,0.338837056457662
  Marketing,,62868,0.161740378752602,—,,—,,77069,0.138509178351527,35964,0.140093099351421,33686,0.136782052583494,32990,0.154143032024745,27467,0.124242903991858,28381,0.126095185626188,37506,0.139674665951647,44147,0.160928967724532,41448,0.152147419425886,41606,0.148127314155511,52491,0.160344938187883,—,,59076,0.162783264262411,73039,0.171172585763233,83920,0.192982536828114,79776,0.210418589929576,650434,0.47720552954279,76616,0.190943302180685,80808,0.189042249567211,75560,0.214082527737797,60876,0.223650952268987,70301,0.231228949584254,69766,0.222819820826879,76416,0.224430157802455,96044,0.242195301546314,102858,0.245103085413628,122167,0.253439051359128,111269,0.229767401521472,127130,0.233531295177458,136282,0.241035581763064,145821,0.263202924055774,122675,0.239873683798872,113313,0.221640420383885,134209,0.231834513732942,164224,0.277082922072115,129518,0.239759348389485,143756,0.256741986412442
  Natural Gas Marketing,,6398,0.0164601218944319,—,,—,,13155,0.0236422976970551,6704,0.0261145628420622,6400,0.0259872094203634,6834,0.0319312967825738,7482,0.0338437181951826,6662,0.0295988910412483,6806,0.025345965351328,7125,0.0259727477526738,7671,0.0281587254973937,7627,0.0271539447450869,8053,0.0245996034982573,—,,8187,0.0225591879023014,8889,0.0208320638953077,11265,0.0259050080716004,8680,0.0228945216680294,12023,0.00882094429518285,11254,0.0280473520249221,8695,0.0203410845459224,8570,0.0242811972301869,8715,0.0320178403479897,8959,0.0294672929165351,9193,0.029360757573338,4707,0.0138242351441603,4640,0.0117007434006799,4693,0.0111830755006529,5486,0.0113808691034091,5165,0.0106655818678913,5095,0.00935925390489382,5481,0.00969398764065214,6415,0.0115788998691395,6806,0.0133081743789291,5870,0.0114817299661416,6280,0.0108481603040249,8293,0.0139921611502829,7845,0.0145223991114402,7638,0.0136411370114516
  Head Office & Other,,97,,—,,—,,151,,101,,463,,31,,52,,140,,461,,12,,73,,82,,490,,—,,51,,75,,472,,34,,47,,119,,1444,,18,,71,,863,,368,,36,,-6,,77,,1094,,25,,105,,58,,3022,,83,,78,,70,,3291,,36,,53,
Revenue Including Intersegment Revenue,,989374,1.0,—,,687873,1.0,746320,1.0,684297,1.0,667061,1.0,566883,1.0,607364,1.0,636586,1.0,735451,1.0,767897,1.0,754843,1.0,762757,1.0,886036,1.0,880697,1.0,929131,1.0,1044668,1.0,1083547,1.0,978319,1.0,1018084,1.0,1019512,1.0,1131312,1.0,862064,1.0,806830,1.0,802020,1.0,821139,1.0,892448,1.0,1110963,1.0,1103489,1.0,1217139,1.0,1263661,1.0,1378960,1.0,1406240,1.0,1340813,1.0,1243969,1.0,1257824,1.0,1381234,1.0,1324857,1.0,1352420,1.0,1301662,1.0
  Marketing,,517398,0.523213518255409,—,,323722,0.470855350906666,390233,0.523125079594887,342262,0.500527930599794,327209,0.491483391863109,271591,0.479341395572122,316089,0.520828081206531,341379,0.536574670042863,372557,0.507308896360054,395961,0.515751508330989,409301,0.542481225927703,400388,0.52521886961746,454806,0.513953866807697,446204,0.506730989808689,483531,0.520540940315491,535291,0.512609073706629,538079,0.497316916274479,492701,0.503728112102025,532037,0.522785782787787,547968,0.537893259254169,592685,0.524968290297894,424962,0.49303482529344,324241,0.40203770889802,380813,0.47556980884195,367517,0.448557968095883,413946,0.463913158472787,548502,0.493919454952639,595181,0.539652877515196,612433,0.504289191468058,636489,0.503814890540069,720966,0.523182580463978,751421,0.534583695866376,662469,0.495410230083016,588121,0.472979374138981,636546,0.506356643412271,713144,0.516675541838283,588605,0.445894975429017,635210,0.469941457994095,633916,0.487322178787914
"  Refining, Chemicals & New Materials",,214641,0.217053550210591,—,,161497,0.234898235539672,172942,0.231836614318366,157983,0.231036177138996,150006,0.225316105852277,140145,0.247347297526262,140848,0.232078919487162,141972,0.223149575853598,159545,0.217251582629678,172764,0.225030479227234,158939,0.210655296634318,180232,0.236423787198653,195869,0.221341912678718,196809,0.223505883795883,212261,0.228507666586644,256451,0.245584382254024,245703,0.227089810751559,218720,0.223615159455644,229845,0.225848386944628,226577,0.222411237521227,235651,0.20872689974774,177606,0.206055937192188,192205,0.238321673812824,208793,0.2607464742473,196171,0.239428557479892,215106,0.241071308495425,244278,0.219969401418629,246427,0.223436298617458,269161,0.221632379484342,274608,0.217366835030028,309164,0.224350689639408,295669,0.21034789654949199,285075,0.213185932233683,278367,0.223868641726695,296554,0.235901392877314,327751,0.237456846742088,318405,0.24120622429554,315433,0.233363838603692,320133,0.246101866906516
"  Oil, Gas & New Energies",,192370,0.194532225688528,—,,125452,0.18247059353996,120426,0.161436528523456,117744,0.172190195407443,111790,0.167913866600176,83744,0.147803004631198,98736,0.162689879831339,100520,0.157995910213307,129484,0.176317677929244,118140,0.153881021601175,124480,0.164983870069901,117777,0.154496895029161,145033,0.163894652147774,139491,0.158412771959471,157873,0.169956755348525,175762,0.168314423393677,185586,0.17152696392856,152342,0.155751557341769,173997,0.170971488538817,163137,0.16013762233369,186844,0.165496301125252,154592,0.179355424042064,215478,0.267178677088732,132088,0.164955148354482,143269,0.174861167051127,148010,0.165876192995118,234754,0.211393153950126,174470,0.158192612902758,200855,0.165387896394082,209441,0.165783689096909,237807,0.172569136287144,241409,0.171745686420004,240520,0.179866633064441,216702,0.174276341662116,207959,0.16542625545895,222987,0.16155493006727,244566,0.185269833862731,223119,0.165068037603603,226604,0.174201558253864
  Natural Gas Marketing,,64476,0.0652007058454724,—,,76848,0.111775820013701,62364,0.0836017775632905,65813,0.0962456968537676,76753,0.115286635684438,71112,0.125508302270417,51224,0.0844031194749685,52348,0.0822798438902328,72793,0.0991218430810249,80871,0.105336990840601,61778,0.0818796073680779,63929,0.0838604481547265,89208,0.100809568365811,98050,0.111350354435957,75236,0.0809946377493403,76744,0.0734921206456704,112596,0.104066309045403,114346,0.116905171100562,81817,0.0803943417287677,81048,0.0795578808909132,113812,0.100808508829115,104771,0.121553813472308,74570,0.0924619402004231,79057,0.0987285685562678,112373,0.137152307373098,115230,0.12913934003667,82975,0.0747179896786068,86818,0.0787182109645878,131999,0.108690532653518,142801,0.113034585332995,110102,0.0798975936094697,117120,0.0833227211641277,149149,0.11153720461886,160249,0.128875642472208,116051,0.0923157082514657,116373,0.0843126813523588,168477,0.127628966412712,177917,0.13162666579861,120162,0.092374396051706
  Head Office & Other,,489,,—,,354,,355,,495,,1303,,291,,467,,367,,1072,,161,,345,,431,,1120,,143,,230,,420,,1583,,210,,388,,782,,2320,,133,,336,,1269,,1809,,156,,454,,593,,2691,,322,,921,,621,,3600,,530,,714,,979,,4804,,741,,847,
EBITA (Earnings Before Interest/Taxes/Amortization),,—,,—,,—,,—,,—,,—,,3110,1.0,2939,1.0,2546,1.0,2866,1.0,—,,2182,1.0,4264,1.0,-3549,,4535,1.0,1763,1.0,2557,1.0,-1032,,—,,637,1.0,-2575,,—,,-2410,,5514,1.0,3498,1.0,—,,4470,1.0,4259,1.0,3128,1.0,—,,—,,—,,—,,—,,—,,—,,—,,—,,—,,—,
  Chemicals,,—,,—,,—,,—,,—,,—,,3110,1.0,2939,1.0,2546,1.0,2866,1.0,—,,2182,1.0,4264,1.0,-3549,1.0,4535,1.0,1763,1.0,2557,1.0,-1032,1.0,—,,637,1.0,-2575,1.0,—,,-2410,1.0,5514,1.0,3498,1.0,—,,4470,1.0,4259,1.0,3128,1.0,—,,—,,—,,—,,—,,—,,—,,—,,—,,—,,—,
Operating Income,,42455,1.0,24298,1.0,13891,1.0,32976,1.0,16206,1.0,15891,1.0,-2673,,37172,1.0,9989,1.0,18909,1.0,21806,1.0,18601,1.0,19573,1.0,12703,1.0,338043,1.0,40841,1.0,44779,1.0,10789,1.0,29508,1.0,41226,1.0,24720,1.0,26379,1.0,-3379,,-2664,,66324,1.0,15656,1.0,44780,1.0,43683,1.0,36315,1.0,36390,1.0,58162,1.0,61746,1.0,70077,1.0,41795,1.0,62396,1.0,58211,1.0,65619,1.0,49212,1.0,64541,1.0,60375,1.0
"  Oil, Gas & New Energies",,43716,0.951009397841977,40943,1.64535444462305,17299,1.01770796564302,15618,0.408570083189452,13596,0.724965340727312,-12552,-1.05046447401456,-20268,42.7594936708861,17849,0.429382472515576,-1530,-0.10984277406849,7097,0.441273394267239,1916,0.0836790845962353,7564,0.320101565806179,1503,0.0941316465209495,4492,0.265657342243776,115486,0.341639179374917,22898,0.503750962490375,27995,0.586123149718401,15635,1.08939520624303,14326,0.427705627705628,39302,0.86625523473661,23307,0.843051436012443,19162,0.661579892280072,14883,15.7159450897571,-4532,-13.1744186046512,9649,0.138214060619951,3092,0.15728165216949,12882,0.260816747990525,17988,0.381166299372775,27499,0.700308146789925,10083,0.254724130962005,38798,0.615206532942203,43657,0.665279936606626,56478,0.94924199132744,26815,0.589807320077424,40996,0.605035567755837,44519,0.727767606094291,47181,0.690477235808052,15999,0.288915775787345,42965,0.612394703459285,48694,0.784906025339308
"  Refining, Chemicals & New Materials",,-5320,-0.115732683605987,-14805,-0.594960617264105,-5065,-0.297976232497941,9722,0.254329513943389,-1598,-0.0852084888557108,-1824,-0.152648757218177,14651,-30.9092827004219,12823,0.308475065553658,6837,0.490846435494292,4715,0.293166697755394,8177,0.35712102022099,9252,0.391536182818451,10303,0.645268366004885,12229,0.723224318410314,150276,0.444557516233526,14767,0.324870751292487,14215,0.297615308921131,5795,0.403776477146042,3070,0.0916554709658158,1968,0.0433766806259643,2166,0.0783476814005643,6631,0.228939373014777,-8702,-9.18901795142555,-1838,-5.34302325581395,8872,0.127084168910789,-166,-0.0084439696830968,14675,0.297118908303132,7510,0.159137141888456,9805,0.249700766546973,17750,0.448413500404204,10765,0.170696900023785,13296,0.202614976684648,2305,0.0387407980100171,14204,0.312423016012669,8470,0.125003689601228,9880,0.161511802785588,9462,0.138473021029986,9124,0.164764518925166,8115,0.115665844724127,5514,0.0888810084141977
    Chemical Business,,—,,—,,—,,—,,—,,—,,—,,—,,—,,—,,—,,—,,—,,—,,—,,1763,0.0387856121438786,2557,0.0535351632016414,-1032,-0.0719063545150502,—,,—,,—,,—,,-2410,-2.54487856388596,5514,16.0290697674419,—,,—,,—,,4259,0.0902483471774877,3128,0.0796597651972394,153,0.00386519805982215,—,,—,,—,,—,,—,,—,,—,,—,,—,,—,
    Refined Products,,—,,—,,—,,—,,—,,—,,—,,—,,—,,—,,—,,—,,—,,—,,—,,13004,0.286085139148609,11658,0.24408014571949,6827,0.475682831661093,—,,—,,—,,—,,-6292,-6.6441393875396,-7352,-21.3720930232558,—,,—,,—,,3251,0.068888794710968,6677,0.170041001349734,17597,0.444548302344382,—,,—,,—,,—,,—,,—,,—,,—,,—,,—,
  Natural Gas Marketing,,5151,0.112056213017751,3892,0.156405722552644,7355,0.432697964466408,7512,0.196515460681212,10517,0.560787032099819,25847,2.16310988367227,4717,-9.95147679324895,6714,0.161514590199427,6426,0.461339651087659,28,0.00174096872474041,9882,0.431584923789143,3930,0.166314007617435,4233,0.265109287906307,-2357,-0.139393222544207,7558,0.022358631502655,4764,0.104806951930481,3614,0.0756652639072085,5796,0.403846153846154,12582,0.3756381549485,5720,0.126074498567335,3648,0.131953989727266,4158,0.143557519679602,11359,11.9947201689546,3013,8.75872093023256,43335,0.620738554976222,14703,0.747901724401038,18519,0.374946852665465,18369,0.389239701644347,-173,-0.00440573509562737,7250,0.183154810024252,8946,0.141853643066677,4703,0.0716680381579348,1995,0.0335305388416417,-2687,-0.0591017068449762,10136,0.149591192183949,3984,0.0651278362649578,5356,0.0783831643031713,23568,0.425599537705865,12316,0.175544121210394,4489,0.0723588768174345
  Marketing,,2421,0.0526670727462583,-5146,-0.20679954991159,-2591,-0.152429697611484,5374,0.140584942185947,-3761,-0.200543883971419,478,0.0400033475604653,426,-0.89873417721519,4183,0.100627871731338,2196,0.157656687486539,4243,0.263818939252627,2922,0.127614971393632,2884,0.122048243757935,-72,-0.00450930043214129,2545,0.150511561890118,64715,0.191444672888902,3026,0.0665713342866571,1939,0.0405962774532588,-12874,-0.897017837235229,3517,0.105000746380057,-1620,-0.0357064139299096,-1475,-0.0533531071402735,-987,-0.034076784974451,-16593,-17.5216473072862,3701,10.7587209302326,7956,0.113963215493038,2030,0.103260593112569,3315,0.0671174910408779,3325,0.0704568570944228,2136,0.0543968217587287,4501,0.113707558609539,4556,0.0722429239673353,3966,0.0604370485507909,-1280,-0.0215133281790985,7132,0.156871370754883,8156,0.120369550458986,2789,0.0455927548551625,6332,0.0926665788587903,6685,0.120720167581624,6763,0.0963953306061945,3341,0.0538540894290596
  Reconciliation,,—,,-586,,—,,-248,,—,,3608,,—,,-41,,-986,,3789,,2124,,-2162,,2696,,2303,,—,,—,,—,,—,,—,,—,,—,,—,,—,,—,,—,,—,,—,,—,,—,,—,,900,,-7,,14235,,-8,,—,,-10,,—,,-18,,—,,-13,
  Head Office & Other,,-3513,,—,,-3107,,-5002,,-2548,,334,,-2199,,-4356,,-2954,,-963,,-3215,,-2867,,910,,-6509,,8,,-4614,,-2984,,-3563,,-3987,,-4144,,-2926,,-2585,,-4326,,-3008,,-3488,,-4003,,-4611,,-3509,,-2952,,-3194,,-5803,,-3869,,-3656,,-3661,,-5362,,-2951,,-2712,,-6146,,-5618,,-1650,
Assets,,—,,2405473,1.0,—,,2385332,1.0,—,,2393844,1.0,—,,2418243,1.0,—,,2396950,1.0,—,,2399984,1.0,—,,2404910,1.0,—,,2408038,1.0,—,,2440877,1.0,—,,2637779,1.0,—,,2733190,1.0,—,,2677347,1.0,—,,2488400,1.0,—,,2531851,1.0,—,,2502262,1.0,—,,—,,—,,2670400,1.0,—,,2719277,1.0,—,,2752448,1.0,—,,2768039,1.0
  Head Office & Other,,—,,—,,—,,1522284,,—,,1518486,,—,,1502001,,—,,1434141,,—,,1423943,,—,,1357803,,—,,1427236,,—,,1371525,,—,,1431842,,—,,1409368,,—,,1619871,,—,,1631577,,—,,1571691,,—,,1573900,,—,,—,,—,,1646141,,—,,1677903,,—,,1601964,,—,,1570574,
"  Oil, Gas & New Energies",,—,,1216424,0.504256915570553,—,,1245019,0.511018540865262,—,,1221942,0.493903119255375,—,,1273345,0.508806805694855,—,,1260009,0.501002793667052,—,,1265858,0.504540175229799,—,,1211912,0.49520915729467,—,,1253580,0.497244998217013,—,,1227613,0.490719558500979,—,,1399964,0.514689241027081,—,,1520697,0.516132787614689,—,,1470562,0.514107198980289,—,,1452554,0.565215242694986,—,,1469902,0.565471761842807,—,,1391129,0.548787237441887,—,,—,,—,,1457543,0.53821589372036,—,,1488624,0.543203821851286,—,,1490035,0.528236970756212,—,,1543176,0.529447001983742
  Marketing,,—,,365433,0.151486749215482,—,,373288,0.153216207208494,—,,343721,0.138930386265123,—,,389946,0.155815728379572,—,,384123,0.152734382144706,—,,406100,0.16186157148813,—,,397813,0.162553585153761,—,,441912,0.175288798203606,—,,429854,0.171827575221083,—,,445833,0.163908106490472,—,,524321,0.177957383578005,—,,473049,0.165377519866845,—,,489984,0.190661707225108,—,,548913,0.211167003792376,—,,520938,0.205505115556143,—,,—,,—,,596463,0.22025138648817,—,,600477,0.219116043630759,—,,613381,0.217451617820666,—,,609885,0.209244949898686
"  Refining, Chemicals & New Materials",,—,,339374,0.140684240416862,—,,323539,0.132796710486351,—,,311149,0.125764939459639,—,,305579,0.12210412329528,—,,324357,0.128970319375071,—,,302089,0.120405319550056,—,,318299,0.130062726961806,—,,303903,0.120546153171832,—,,324639,0.129769484969774,—,,354762,0.130426342766849,—,,365013,0.123887386642836,—,,393317,0.137503281861853,—,,432022,0.168107636328545,—,,434693,0.167226533857859,—,,457914,0.180642743445046,—,,—,,—,,482452,0.178151405726744,—,,483562,0.17645337338512,—,,517096,0.183317321156989,—,,563110,0.193196953093532
  Natural Gas Marketing,,—,,491079,0.203572094797103,—,,494502,0.202968541439893,—,,597240,0.241401555019862,—,,533740,0.213273342630294,—,,546485,0.217292504813171,—,,534887,0.213192933732015,—,,519249,0.212174530589763,—,,521656,0.206920050407548,—,,519553,0.207683381308164,—,,519459,0.190976309715597,—,,536298,0.18202244216447,—,,523491,0.183011999291013,—,,195353,0.0760154137513604,—,,145918,0.0561347005069581,—,,164934,0.065064903556924,—,,—,,—,,171643,0.0633813140647265,—,,167789,0.061226761132835,—,,200258,0.070994090266133,—,,198523,0.0681110950240403
  Reconciliation,,—,,-1521880,,—,,—,,—,,—,,—,,—,,—,,—,,—,,—,,—,,—,,—,,—,,—,,—,,—,,—,,—,,—,,—,,—,,—,,—,,—,,—,,—,,—,,—,,—,,—,,—,,—,,—,,—,,—,,—,,—,
    Investment in Associates and Joint Ventures,,—,,116947,,—,,—,,—,,—,,—,,—,,—,,—,,—,,—,,—,,—,,—,,—,,—,,—,,—,,—,,—,,—,,—,,—,,—,,—,,—,,—,,—,,—,,—,,—,,—,,—,,—,,—,,—,,—,,—,,—,
    Other Assets,,—,,15955,,—,,—,,—,,—,,—,,—,,—,,—,,—,,—,,—,,—,,—,,—,,—,,—,,—,,—,,—,,—,,—,,—,,—,,—,,—,,—,,—,,—,,—,,—,,—,,—,,—,,—,,—,,—,,—,,—,
    Elimination of Intersegment Balances,,—,,-1654782,,—,,—,,—,,—,,—,,—,,—,,—,,—,,—,,—,,—,,—,,—,,—,,—,,—,,—,,—,,—,,—,,—,,—,,—,,—,,—,,—,,—,,—,,—,,—,,—,,—,,—,,—,,—,,—,,—,
  Reconciliation,,—,,1515043,,—,,-1573300,,—,,-1598694,,—,,-1586368,,—,,-1552165,,—,,-1532893,,—,,-1400166,,—,,-1540249,,—,,-1432307,,—,,-1514081,,—,,-1622507,,—,,-1802943,,—,,-1713090,,—,,-1639266,,—,,-1606553,,—,,—,,—,,-1683842,,—,,-1699078,,—,,-1670286,,—,,-1717229,
Shipments/Sales (in Metric Tonnes),,—,,—,,—,,—,,—,,—,,—,,—,,—,,—,,—,,—,,—,,—,,—,,—,,—,,—,,—,,—,,—,,—,,—,,—,,—,,—,,—,,—,,—,,—,,—,,—,,—,,—,,—,,—,,—,,—,,—,,—,
  Polyethylene,,—,,—,,—,,1926,,—,,—,,—,,—,,—,,—,,—,,—,,—,,—,,—,,—,,—,,—,,—,,—,,—,,—,,—,,—,,—,,—,,—,,—,,—,,—,,—,,—,,—,,—,,—,,—,,—,,—,,—,,—,
  Crude Oil,,—,,—,,—,,48645,,—,,—,,—,,—,,—,,—,,—,,—,,—,,—,,—,,—,,—,,—,,—,,—,,—,,—,,—,,—,,—,,—,,—,,—,,—,,—,,—,,—,,—,,—,,—,,—,,—,,—,,—,,—,
  Kerosene,,10210,,3806,,3982,,3844,,2884,,3973,,—,,—,,—,,—,,—,,—,,—,,—,,—,,—,,—,,—,,—,,—,,—,,—,,—,,—,,—,,—,,—,,—,,—,,—,,—,,—,,—,,—,,—,,—,,—,,—,,—,,—,
  Lubricant,,—,,—,,—,,662,,—,,—,,—,,—,,—,,—,,—,,—,,—,,—,,—,,—,,—,,—,,—,,—,,—,,—,,—,,—,,—,,—,,—,,—,,—,,—,,—,,—,,—,,—,,—,,—,,—,,—,,—,,—,
  Heavy Oil,,—,,—,,—,,8591,,—,,—,,—,,—,,—,,—,,—,,—,,—,,—,,—,,—,,—,,—,,—,,—,,—,,—,,—,,—,,—,,—,,—,,—,,—,,—,,—,,—,,—,,—,,—,,—,,—,,—,,—,,—,
  Natural Gas,,—,,—,,—,,76417,,—,,—,,—,,—,,—,,—,,—,,—,,—,,—,,—,,—,,—,,—,,—,,—,,—,,—,,—,,—,,—,,—,,—,,—,,—,,—,,—,,—,,—,,—,,—,,—,,—,,—,,—,,—,
  Diesel,,64715,,22326,,18400,,21333,,23001,,22029,,—,,—,,—,,—,,—,,—,,—,,—,,—,,—,,—,,—,,—,,—,,—,,—,,—,,—,,—,,—,,—,,—,,—,,—,,—,,—,,—,,—,,—,,—,,—,,—,,—,,—,
  Gasoline,,42648,,17173,,15328,,14928,,15598,,14797,,—,,—,,—,,—,,—,,—,,—,,—,,—,,—,,—,,—,,—,,—,,—,,—,,—,,—,,—,,—,,—,,—,,—,,—,,—,,—,,—,,—,,—,,—,,—,,—,,—,,—,
Sales Change - Volume %,,—,,—,,—,,—,,—,,—,,—,,—,,—,,—,,—,,—,,—,,—,,—,,—,,—,,—,,—,,—,,—,,—,,—,,—,,—,,—,,—,,—,,—,,—,,—,,—,,—,,—,,—,,—,,—,,—,,—,,—,
  Polyethylene,,—,,—,,—,,-1.18,,—,,3.88,,—,,—,,—,,—,,—,,—,,—,,—,,—,,—,,—,,—,,—,,—,,—,,—,,—,,—,,—,,—,,—,,—,,—,,—,,—,,—,,—,,—,,—,,—,,—,,—,,—,,—,
  Crude Oil,,—,,—,,—,,9.75,,—,,0.95,,—,,—,,—,,—,,—,,—,,—,,—,,—,,—,,—,,—,,—,,—,,—,,—,,—,,—,,—,,—,,—,,—,,—,,—,,—,,—,,—,,—,,—,,—,,—,,—,,—,,—,
  Kerosene,,—,,—,,—,,25.08,,—,,-20.28,,—,,—,,—,,—,,—,,—,,—,,—,,—,,—,,—,,—,,—,,—,,—,,—,,—,,—,,—,,—,,—,,—,,—,,—,,—,,—,,—,,—,,—,,—,,—,,—,,—,,—,
  Lubricant,,—,,—,,—,,-16.52,,—,,-6.68,,—,,—,,—,,—,,—,,—,,—,,—,,—,,—,,—,,—,,—,,—,,—,,—,,—,,—,,—,,—,,—,,—,,—,,—,,—,,—,,—,,—,,—,,—,,—,,—,,—,,—,
  Heavy Oil,,—,,—,,—,,8.9,,—,,2.8,,—,,—,,—,,—,,—,,—,,—,,—,,—,,—,,—,,—,,—,,—,,—,,—,,—,,—,,—,,—,,—,,—,,—,,—,,—,,—,,—,,—,,—,,—,,—,,—,,—,,—,
  Natural Gas,,—,,—,,—,,37.18,,—,,-10.98,,—,,—,,—,,—,,—,,—,,—,,—,,—,,—,,—,,—,,—,,—,,—,,—,,—,,—,,—,,—,,—,,—,,—,,—,,—,,—,,—,,—,,—,,—,,—,,—,,—,,—,
  Diesel,,—,,—,,—,,-5.63,,—,,3.03,,—,,—,,—,,—,,—,,—,,—,,—,,—,,—,,—,,—,,—,,—,,—,,—,,—,,—,,—,,—,,—,,—,,—,,—,,—,,—,,—,,—,,—,,—,,—,,—,,—,,—,
  Gasoline,,—,,—,,—,,12.61,,—,,-11.21,,—,,—,,—,,—,,—,,—,,—,,—,,—,,—,,—,,—,,—,,—,,—,,—,,—,,—,,—,,—,,—,,—,,—,,—,,—,,—,,—,,—,,—,,—,,—,,—,,—,,—,
Liabilities,,—,,1087692,1.0,—,,1062293,1.0,—,,1049810,1.0,—,,1056392,1.0,—,,1023922,1.0,—,,1015799,1.0,—,,1023300,1.0,—,,1008041,1.0,—,,1031986,1.0,—,,1211662,1.0,—,,1288612,1.0,—,,1276952,1.0,—,,1121515,1.0,—,,1139199,1.0,—,,1093393,1.0,—,,—,,—,,1136234,1.0,—,,1131231,1.0,—,,1122075,1.0,—,,1090130,1.0
"  Oil, Gas & New Energies",,—,,505029,0.513383286216603,—,,499972,0.520592133828826,—,,511098,0.520751694920435,—,,473156,0.51916263524775,—,,536284,0.539318204216924,—,,507522,0.549874428209556,—,,525085,0.567869417665775,—,,452437,0.520517575810567,—,,466097,0.505212578692704,—,,594156,0.468066031976114,—,,720028,0.495123906815803,—,,659479,0.460659025327623,—,,658521,0.484645292908508,—,,625749,0.472025424163516,—,,550365,0.448317602390962,—,,—,,—,,581261,0.425822875687714,—,,611310,0.44438095902719,—,,591540,0.429799239564722,—,,602184,0.427368794577907
  Head Office & Other,,—,,—,,—,,753126,,—,,727579,,—,,46744,,—,,727192,,—,,47188,,—,,659551,,—,,598065,,—,,666432,,—,,633368,,—,,682793,,—,,635164,,—,,653444,,—,,574042,,—,,670014,,—,,—,,—,,590604,,—,,596918,,—,,571825,,—,,555179,
  Marketing,,—,,169804,0.172612930213362,—,,180866,0.188325379975447,—,,148556,0.151361947788096,—,,186001,0.204086536615232,—,,183159,0.184195282660247,—,,193334,0.209467614612699,—,,199340,0.21558240992886,—,,227716,0.261981624609126,—,,239187,0.259259941728378,—,,280690,0.221122827195847,—,,324822,0.22336233821424,—,,311763,0.217772574582687,—,,321460,0.236581788368737,—,,381215,0.287564458069441,—,,349609,0.284785312754812,—,,—,,—,,404991,0.296690182633349,—,,402361,0.292489190517314,—,,375033,0.27249027658599,—,,370501,0.262943827401441
"  Refining, Chemicals & New Materials",,—,,136492,0.138749876744259,—,,123510,0.128603870715157,—,,114888,0.117058021604504,—,,107457,0.117905425051817,—,,124076,0.124778001033816,—,,86138,0.093326168121017,—,,79989,0.0865065786485382,—,,75925,0.0873498342165148,—,,59139,0.0641020360382234,—,,130680,0.102947490320116,—,,132018,0.0907815639530806,—,,179780,0.125579858605657,—,,186332,0.13713294901488,—,,206855,0.156038314268731,—,,199159,0.162231401659956,—,,—,,—,,243417,0.178323553328498,—,,236870,0.172188444103271,—,,260787,0.189481783629789,—,,301061,0.213662396650225
  Natural Gas Marketing,,—,,172402,0.175253906825776,—,,156043,0.16247861548057,—,,206920,0.210828335686965,—,,144769,0.158845403085201,—,,150855,0.151708512089013,—,,135984,0.147331789056727,—,,120244,0.130041593756827,—,,113128,0.130150965363792,—,,158153,0.171425443540695,—,,263859,0.207863650507923,—,,277370,0.190732191016876,—,,280577,0.195988541484033,—,,192456,0.141639969707875,—,,111849,0.0843718034983118,—,,128490,0.104665683194271,—,,—,,—,,135361,0.0991633883504392,—,,125103,0.0909414063522249,—,,148957,0.108228700219499,—,,135304,0.0960249813704269
  Reconciliation,,—,,688203,,—,,-651224,,—,,-659231,,—,,98265,,—,,-697644,,—,,45633,,—,,-560909,,—,,-459230,,—,,-557022,,—,,-691091,,—,,-848419,,—,,-789811,,—,,-890698,,—,,-760511,,—,,-804244,,—,,—,,—,,-819400,,—,,-841331,,—,,-826067,,—,,-874099,
  Other Liabilities,,—,,62541,,—,,—,,—,,—,,—,,—,,—,,—,,—,,—,,—,,—,,—,,—,,—,,—,,—,,—,,—,,—,,—,,—,,—,,—,,—,,—,,—,,—,,—,,—,,—,,—,,—,,—,,—,,—,,—,,—,
  Elimination Of Intersegment,,—,,-646779,,—,,—,,—,,—,,—,,—,,—,,—,,—,,—,,—,,—,,—,,—,,—,,—,,—,,—,,—,,—,,—,,—,,—,,—,,—,,—,,—,,—,,—,,—,,—,,—,,—,,—,,—,,—,,—,,—,
Depreciation and Amortization,,—,,—,,—,,91883,1.0,—,,—,,—,,—,,—,,—,,—,,—,,—,,—,,—,,114582,1.0,—,,—,,—,,—,,—,,—,,—,,—,,—,,—,,—,,—,,—,,—,,—,,—,,—,,—,,—,,—,,—,,—,,—,,—,
  Head Office & Other,,—,,—,,—,,971,,—,,—,,—,,—,,—,,—,,—,,—,,—,,—,,—,,792,,—,,—,,—,,—,,—,,—,,—,,—,,—,,—,,—,,—,,—,,—,,—,,—,,—,,—,,—,,—,,—,,—,,—,,—,
  Exploration & Production,,—,,—,,—,,65983,0.725789774727209,—,,—,,—,,—,,—,,—,,—,,—,,—,,—,,—,,85959,0.755417875032955,—,,—,,—,,—,,—,,—,,—,,—,,—,,—,,—,,—,,—,,—,,—,,—,,—,,—,,—,,—,,—,,—,,—,,—,
  Refining & Chemicals,,—,,—,,—,,11384,0.125219992960225,—,,—,,—,,—,,—,,—,,—,,—,,—,,—,,—,,10846,0.0953159328587749,—,,—,,—,,—,,—,,—,,—,,—,,—,,—,,—,,—,,—,,—,,—,,—,,—,,—,,—,,—,,—,,—,,—,,—,
  Natural Gas & Pipeline,,—,,—,,—,,7085,0.0779325061598029,—,,—,,—,,—,,—,,—,,—,,—,,—,,—,,—,,10388,0.0912909746023376,—,,—,,—,,—,,—,,—,,—,,—,,—,,—,,—,,—,,—,,—,,—,,—,,—,,—,,—,,—,,—,,—,,—,,—,
  Marketing,,—,,—,,—,,6460,0.0710577261527631,—,,—,,—,,—,,—,,—,,—,,—,,—,,—,,—,,6597,0.057975217505932,—,,—,,—,,—,,—,,—,,—,,—,,—,,—,,—,,—,,—,,—,,—,,—,,—,,—,,—,,—,,—,,—,,—,,—,
Capital Expenditures,,—,,—,,—,,-61653,,—,,-140585,,—,,—,,—,,—,,—,,—,,—,,—,,—,,—,,—,,—,,—,,—,,—,,—,,—,,—,,—,,—,,—,,—,,—,,—,,—,,—,,—,,—,,—,,-85137,,—,,—,,—,,—,
  Head Office & Other,,—,,—,,—,,-397,,—,,-873,,—,,—,,—,,—,,—,,—,,—,,—,,—,,—,,—,,—,,—,,—,,—,,—,,—,,—,,—,,—,,—,,—,,—,,—,,—,,—,,—,,—,,—,,-330,,—,,—,,—,,—,
"  Oil, Gas & New Energies",,—,,—,,—,,-48005,0.783678333550999,—,,-109817,0.786024106733852,—,,—,,—,,—,,—,,—,,—,,—,,—,,—,,—,,—,,—,,—,,—,,—,,—,,—,,—,,—,,—,,—,,—,,—,,—,,—,,—,,—,,—,,-79626,0.938908344830026,—,,—,,—,,—,
"  Refining, Chemicals & New Materials",,—,,—,,—,,-5058,0.0825715031996866,—,,-10667,0.0763499198350893,—,,—,,—,,—,,—,,—,,—,,—,,—,,—,,—,,—,,—,,—,,—,,—,,—,,—,,—,,—,,—,,—,,—,,—,,—,,—,,—,,—,,—,,-3471,0.0409282252644239,—,,—,,—,,—,
  Natural Gas Marketing,,—,,—,,—,,-6731,0.109883113490923,—,,-13629,0.0975506756756757,—,,—,,—,,—,,—,,—,,—,,—,,—,,—,,—,,—,,—,,—,,—,,—,,—,,—,,—,,—,,—,,—,,—,,—,,—,,—,,—,,—,,—,,-988,0.0116499817232068,—,,—,,—,,—,
  Marketing,,—,,—,,—,,-1462,0.023867049758391,—,,-5599,0.0400752977553825,—,,—,,—,,—,,—,,—,,—,,—,,—,,—,,—,,—,,—,,—,,—,,—,,—,,—,,—,,—,,—,,—,,—,,—,,—,,—,,—,,—,,—,,-722,0.00851344818234344,—,,—,,—,,—,
Amount Produced (in Metric Tonnes),,—,,—,,—,,—,,—,,—,,—,,—,,—,,—,,—,,—,,—,,—,,—,,—,,—,,—,,—,,—,,—,,—,,—,,—,,—,,—,,—,,—,,—,,—,,—,,—,,—,,—,,—,,—,,—,,—,,—,,—,
"  Gasoline, Kerosene & Diesel Output",,22014,,28476,,23346,,23129,,22327,,23131,,22312,,21124,,20233,,42586,,22205,,21079,,24307,,49431,,26181,,25307,,30028,,29632,,29252,,29008,,29867,,31208,,25208,,26877,,28107,,26850,,26946,,27960,,26421,,27385,,26250,,25260,,25946,,27898,,27754,,31102,,33595,,30285,,30482,,29637,
    Diesel,,13875,,15373,,14265,,13661,,13014,,13242,,12299,,11443,,10889,,22947,,11711,,11115,,12483,,25415,,13211,,12517,,14228,,14355,,13570,,13204,,14031,,14507,,11847,,14043,,13109,,11720,,11709,,11598,,11420,,13518,,12269,,13465,,12781,,15133,,13578,,15052,,15070,,14699,,13282,,13480,
    Gasoline,,6979,,11960,,7773,,8191,,7863,,8431,,8533,,8241,,7789,,16501,,8884,,8269,,9845,,20210,,10594,,10370,,12296,,12534,,12602,,12556,,12496,,13346,,10967,,10964,,12076,,12273,,12395,,12848,,12157,,11988,,11780,,10232,,10756,,10746,,11256,,12682,,13811,,12027,,12457,,11946,
    Kerosene,,1160,,1143,,1308,,1277,,1450,,1458,,1480,,1440,,1555,,3138,,1610,,1695,,1979,,3806,,2376,,2420,,3504,,2743,,3080,,3248,,3340,,3355,,2394,,1870,,2922,,2857,,2842,,3514,,2844,,1879,,2201,,1563,,2409,,2019,,2920,,3368,,4714,,3559,,4743,,4211,
  Derivative Petrochemicals,,2522,,2606,,2610,,2089,,2700,,2877,,2897,,2875,,2631,,2865,,2922,,2767,,2815,,2979,,2989,,2503,,2820,,3110,,3123,,2892,,2684,,3129,,3061,,3108,,3164,,3233,,3221,,2940,,3296,,3636,,3685,,3329,,3241,,3508,,3614,,3651,,3405,,3973,,4051,,3622,
    Synthetic Resin,,2001,,—,,2093,,1638,,2167,,2317,,2335,,2317,,2129,,2297,,2327,,2217,,2336,,2404,,2370,,2027,,2253,,2515,,2508,,2366,,2173,,2562,,2473,,2551,,2613,,2650,,2642,,2431,,2761,,3069,,3091,,2798,,2743,,2997,,3089,,3137,,2932,,3421,,3496,,3094,
    Synthetic Fibre Materials & Polymers,,320,,350,,323,,325,,341,,359,,371,,364,,319,,356,,399,,342,,294,,355,,384,,288,,360,,356,,372,,302,,309,,326,,342,,314,,297,,325,,316,,266,,280,,284,,301,,274,,262,,262,,268,,278,,263,,289,,280,,304,
    Synthetic Rubber,,201,,190,,194,,126,,192,,201,,191,,194,,183,,192,,196,,208,,185,,220,,235,,188,,207,,239,,243,,224,,202,,241,,246,,243,,254,,258,,263,,243,,255,,283,,293,,257,,245,,249,,257,,236,,210,,263,,275,,224,
    Synthetic Resin,,—,,2066,,—,,—,,—,,—,,—,,—,,—,,—,,—,,—,,—,,—,,—,,—,,—,,—,,—,,—,,—,,—,,—,,—,,—,,—,,—,,—,,—,,—,,—,,—,,—,,—,,—,,—,,—,,—,,—,,—,
  Ethylene,,1293,,1288,,1263,,966,,1366,,1437,,1421,,1394,,1332,,1442,,1451,,1386,,1443,,1484,,1463,,1206,,1339,,1561,,1560,,1423,,1307,,1573,,1539,,1564,,1611,,1631,,1609,,1434,,1713,,1957,,1959,,1804,,1735,,1921,,2000,,1988,,1838,,2175,,2270,,1979,
  Urea,,618,,520,,526,,680,,582,,778,,650,,539,,468,,711,,253,,470,,441,,275,,70,,439,,293,,26,,0,,459,,460,,289,,261,,687,,686,,529,,382,,718,,702,,620,,730,,655,,610,,554,,445,,578,,567,,710,,750,,737,
  Processed Crude Oil,,246.4,,—,,253.5,,242.2,,246,,256.4,,247.2,,236.2,,224.5,,245.4,,245.6,,229.6,,269.3,,272.4,,282.2,,269.4,,317.3,,311.6,,305.8,,305.8,,308.5,,322.5,,276.5,,291.7,,309.1,,300.2,,298,,308.1,,305.8,,313.1,,302.4,,295.1,,298.2,,317,,326.9,,346.1,,370.6,,355.2,,353.8,,339.5,
  Other Chemicals,,—,,520,,—,,—,,—,,—,,—,,—,,—,,—,,—,,—,,—,,—,,—,,—,,—,,—,,—,,—,,—,,—,,—,,—,,—,,—,,—,,—,,—,,—,,—,,—,,—,,—,,—,,—,,—,,—,,—,,—,
  Basic Petrochemicals,,—,,1288,,—,,—,,—,,—,,—,,—,,—,,—,,—,,—,,—,,—,,—,,—,,—,,—,,—,,—,,—,,—,,—,,—,,—,,—,,—,,—,,—,,—,,—,,—,,—,,—,,—,,—,,—,,—,,—,,—,
Number of Employees,,—,,534652,1.0,—,,—,,—,,521566,1.0,—,,—,,—,,508757,1.0,—,,—,,—,,494297,1.0,—,,—,,—,,476223,1.0,—,,—,,—,,460724,1.0,—,,—,,—,,432003,1.0,—,,—,,—,,417173,1.0,—,,—,,—,,—,,—,,—,,—,,—,,—,,—,
  Head Office & Other,,—,,—,,—,,—,,—,,5712,,—,,—,,—,,5895,,—,,—,,—,,5709,,—,,—,,—,,5526,,—,,—,,—,,5512,,—,,—,,—,,5519,,—,,—,,—,,5634,,—,,—,,—,,—,,—,,—,,—,,—,,—,,—,
  Other,,—,,5595,,—,,—,,—,,—,,—,,—,,—,,—,,—,,—,,—,,—,,—,,—,,—,,—,,—,,—,,—,,—,,—,,—,,—,,—,,—,,—,,—,,—,,—,,—,,—,,—,,—,,—,,—,,—,,—,,—,
  Exploration & Production,,—,,298014,0.563292802098829,—,,—,,—,,291525,0.565130831591884,—,,—,,—,,286280,0.569301319248621,—,,—,,—,,277553,0.568071667744603,—,,—,,—,,268633,0.57071321890728,—,,—,,—,,260220,0.571645738688787,—,,—,,—,,249643,0.585351384811623,—,,—,,—,,241692,0.587288203548145,—,,—,,—,,—,,—,,—,,—,,—,,—,,—,
  Refining & Chemicals,,—,,155321,0.293580842895945,—,,—,,—,,150755,0.292243541777325,—,,—,,—,,146336,0.291006280052977,—,,—,,—,,143253,0.293197950011052,—,,—,,—,,137761,0.292674480610669,—,,—,,—,,133735,0.293786191928157,—,,—,,—,,132703,0.311155869856782,—,,—,,—,,128785,0.312935104570891,—,,—,,—,,—,,—,,—,,—,,—,,—,,—,
  Natural Gas & Pipeline,,—,,16707,0.0315788279901788,—,,—,,—,,16425,0.0318404044555242,—,,—,,—,,15946,0.0317104891600479,—,,—,,—,,15919,0.0325816434296381,—,,—,,—,,15560,0.0330573596177583,—,,—,,—,,15273,0.0335514002267076,—,,—,,—,,4356,0.0102137477607601,—,,—,,—,,3928,0.00954466040885554,—,,—,,—,,—,,—,,—,,—,,—,,—,,—,
  Marketing,,—,,59015,0.111547527015048,—,,—,,—,,57149,0.110785222175267,—,,—,,—,,54300,0.107981911538354,—,,—,,—,,51863,0.106148738814707,—,,—,,—,,48743,0.103554940864293,—,,—,,—,,45984,0.101016669156349,—,,—,,—,,39782,0.093278997570835,—,,—,,—,,37134,0.0902320314721084,—,,—,,—,,—,,—,,—,,—,,—,,—,,—,
Shipment (Metric Tonnes),,—,,—,,—,,—,,—,,—,,37126,1.0,39184,1.0,42417,1.0,40380,1.0,38639,1.0,42983,1.0,44346,1.0,43498,1.0,42409,1.0,47925,1.0,86087,1.0,41073,1.0,42179,1.0,127025.67,1.0,138680,1.0,49032,1.0,35478,1.0,41091,1.0,44346,1.0,40585,1.0,36248,1.0,44091,1.0,43355,1.0,39613,1.0,35282,1.0,111900.91,1.0,39318,1.0,39898,1.0,37575,1.0,124173.52,1.0,44956,1.0,40173,1.0,39258,1.0,39795,1.0
"  Gasoline, Kerosene & Diesel Output",,—,,—,,—,,—,,—,,—,,37126,1.0,39184,1.0,42417,1.0,40380,1.0,38639,1.0,42983,1.0,44346,1.0,43498,1.0,42409,1.0,47925,1.0,86087,1.0,41073,1.0,42179,1.0,47855,0.376734875714491,138680,1.0,49032,1.0,35478,1.0,41091,1.0,44346,1.0,40585,1.0,36248,1.0,44091,1.0,43355,1.0,39613,1.0,35282,1.0,36151,0.323062609589145,39318,1.0,39898,1.0,37575,1.0,43093,0.347038563455397,44956,1.0,40173,1.0,39258,1.0,39795,1.0
    Diesel,,—,,—,,—,,—,,—,,—,,17811,0.479744653342671,20215,0.515899346672111,21737,0.51245962703633,20405,0.505324418028727,18889,0.488858407308678,23037,0.535956075657818,23125,0.521467550624634,22273,0.512046530874983,20370,0.480322573038742,23592,0.49226917057903,41174,0.478283596826466,20002,0.486986584861101,19751,0.468266198819318,23534,0.185269638806078,66810,0.481756561869051,23353,0.476280796214717,16985,0.478747392750437,21452,0.522060791900903,21963,0.495264510891625,20666,0.509202907478132,16511,0.455500993158243,21979,0.498491755687102,22366,0.515880521277823,20872,0.526897735591851,16213,0.45952610396236,19350,0.172920845773283,21615,0.549748206928125,21584,0.540979497719184,17989,0.478749168330007,20486,0.164978813518373,21338,0.474641872052674,19886,0.495009085704329,16998,0.432981812624179,19309,0.485211710013821
    Gasoline,,—,,—,,—,,—,,—,,—,,15448,0.416096536120239,15020,0.383319722335647,16305,0.384397765047033,15633,0.387147102526003,15893,0.411320168741427,15850,0.36875043621897,16715,0.376922383078519,16835,0.387029288702929,17657,0.416350303001721,19832,0.413813249869588,34525,0.401047777248597,15636,0.380688043240085,17762,0.42111003105811,18734,0.147482001078995,56850,0.409936544563023,19516,0.398025779083048,14799,0.417131743615762,16770,0.408118566109367,18682,0.421278131060299,15833,0.390119502279167,16419,0.452962922092253,17305,0.392483726837677,16897,0.389735901280129,15360,0.387751495721102,15567,0.441216484326285,14253,0.127371618336258,14205,0.361284907675874,14184,0.355506541681287,15686,0.417458416500333,17710,0.142623000459357,18120,0.403060770531186,15620,0.388818360590446,16967,0.432192164654338,15536,0.390400804121121
    Kerosene,,—,,—,,—,,—,,—,,—,,3867,0.10415881053709,3949,0.100780930992242,4375,0.103142607916637,4342,0.10752847944527,3857,0.0998214239498952,4096,0.0952934881232115,4506,0.101610066296848,4390,0.100924180422088,4382,0.103327123959537,4501,0.0939175795513824,10388,0.120668625924936,5435,0.132325371898814,4666,0.110623770122573,5587,0.0439832358294194,15020,0.108306893567926,6163,0.125693424702235,3694,0.104120863633801,2869,0.0698206419897301,3701,0.0834573580480765,4086,0.100677590242701,3318,0.0915360847495034,4807,0.109024517475222,4092,0.0943835774420482,3381,0.0853507686870472,3502,0.0992574117113542,2548,0.0227701454796033,3498,0.0889668853960018,4130,0.103513960599529,3900,0.103792415169661,4897,0.0394367494776664,5498,0.12229735741614,4667,0.116172553705225,5293,0.134826022721484,4950,0.124387485865058
  Polypropylene,,—,,—,,—,,—,,—,,—,,—,,—,,—,,—,,—,,—,,—,,—,,—,,—,,—,,—,,—,,—,,—,,—,,—,,—,,—,,—,,—,,—,,—,,—,,—,,2018,0.0180338122362008,—,,—,,—,,1886,0.0151884234255419,—,,—,,—,,—,
  Polyethylene,,—,,—,,—,,—,,—,,—,,—,,—,,—,,—,,—,,—,,—,,—,,—,,—,,—,,—,,—,,2485,0.0195629749482919,—,,—,,—,,—,,—,,—,,—,,—,,—,,—,,—,,3227,0.0288380139178493,—,,—,,—,,3071,0.0247315208588755,—,,—,,—,,—,
  Crude Oil,,—,,—,,—,,—,,—,,—,,—,,—,,—,,—,,—,,—,,—,,—,,—,,—,,—,,—,,—,,65395,0.514817201908874,—,,—,,—,,—,,—,,—,,—,,—,,—,,—,,—,,68574,0.612810029873752,—,,—,,—,,74057,0.596399296726065,—,,—,,—,,—,
  Lubricant,,—,,—,,—,,—,,—,,—,,—,,—,,—,,—,,—,,—,,—,,—,,—,,—,,—,,—,,—,,571,0.00449515440461759,—,,—,,—,,—,,—,,—,,—,,—,,—,,—,,—,,628,0.00561210806954117,—,,—,,—,,763,0.00614462729251776,—,,—,,—,,—,
  Heavy Oil,,—,,—,,—,,—,,—,,—,,—,,—,,—,,—,,—,,—,,—,,—,,—,,—,,—,,—,,—,,9467,0.0745282429921448,—,,—,,—,,—,,—,,—,,—,,—,,—,,—,,—,,—,,—,,—,,—,,—,,—,,—,,—,,—,
  Natural Gas,,—,,—,,—,,—,,—,,—,,—,,—,,—,,—,,—,,—,,—,,—,,—,,—,,—,,—,,—,,1252.67,0.00986155003158023,—,,—,,—,,—,,—,,—,,—,,—,,—,,—,,—,,1302.91,0.0116434263135126,—,,—,,—,,1303.52,0.0104975682416026,—,,—,,—,,—,
Average Sales Price,,—,,—,,—,,—,,—,,—,,—,,—,,—,,—,,—,,—,,—,,—,,—,,—,,—,,—,,—,,—,,—,,—,,—,,—,,—,,—,,—,,—,,—,,—,,—,,—,,—,,—,,—,,—,,—,,—,,—,,—,
  Polyethylene,,—,,—,,—,,8527,,—,,7136.125,,—,,—,,—,,—,,—,,—,,—,,—,,—,,—,,—,,—,,—,,—,,—,,—,,—,,—,,—,,—,,—,,—,,—,,—,,—,,—,,—,,—,,—,,—,,—,,—,,—,,—,
  Crude Oil,,—,,—,,—,,2478,,—,,1798.64,,—,,—,,—,,—,,—,,—,,—,,—,,—,,—,,—,,—,,—,,—,,—,,—,,—,,—,,—,,—,,—,,—,,—,,—,,—,,—,,—,,—,,—,,—,,—,,—,,—,,—,
  Kerosene,,—,,—,,—,,3493,,—,,2886.18,,—,,—,,—,,—,,—,,—,,—,,—,,—,,—,,—,,—,,—,,—,,—,,—,,—,,—,,—,,—,,—,,—,,—,,—,,—,,—,,—,,—,,—,,—,,—,,—,,—,,—,
  Lubricant,,—,,—,,—,,8182,,—,,7211.25,,—,,—,,—,,—,,—,,—,,—,,—,,—,,—,,—,,—,,—,,—,,—,,—,,—,,—,,—,,—,,—,,—,,—,,—,,—,,—,,—,,—,,—,,—,,—,,—,,—,,—,
  Heavy Oil,,—,,—,,—,,2566,,—,,2118.25,,—,,—,,—,,—,,—,,—,,—,,—,,—,,—,,—,,—,,—,,—,,—,,—,,—,,—,,—,,—,,—,,—,,—,,—,,—,,—,,—,,—,,—,,—,,—,,—,,—,,—,
  Natural Gas,,—,,—,,—,,1390,,—,,1331.64,,—,,—,,—,,—,,—,,—,,—,,—,,—,,—,,—,,—,,—,,—,,—,,—,,—,,—,,—,,—,,—,,—,,—,,—,,—,,—,,—,,—,,—,,—,,—,,—,,—,,—,
  Diesel,,—,,—,,—,,4861,,—,,3854.87,,—,,—,,—,,—,,—,,—,,—,,—,,—,,—,,—,,—,,—,,—,,—,,—,,—,,—,,—,,—,,—,,—,,—,,—,,—,,—,,—,,—,,—,,—,,—,,—,,—,,—,
  Gasoline,,—,,—,,—,,6188,,—,,5244,,—,,—,,—,,—,,—,,—,,—,,—,,—,,—,,—,,—,,—,,—,,—,,—,,—,,—,,—,,—,,—,,—,,—,,—,,—,,—,,—,,—,,—,,—,,—,,—,,—,,—,
Average Selling Price Change (%),,—,,—,,—,,—,,—,,—,,—,,—,,—,,—,,—,,—,,—,,—,,—,,—,,—,,—,,—,,—,,—,,—,,—,,—,,—,,—,,—,,—,,—,,—,,—,,—,,—,,—,,—,,—,,—,,—,,—,,—,
  Polyethylene,,—,,—,,—,,-14.35,,—,,-1.35,,—,,—,,—,,—,,—,,—,,—,,—,,—,,—,,—,,—,,—,,—,,—,,—,,—,,—,,—,,—,,—,,—,,—,,—,,—,,—,,—,,—,,—,,—,,—,,—,,—,,—,
  Crude Oil,,—,,—,,—,,-45.3,,—,,-0.5,,—,,—,,—,,—,,—,,—,,—,,—,,—,,—,,—,,—,,—,,—,,—,,—,,—,,—,,—,,—,,—,,—,,—,,—,,—,,—,,—,,—,,—,,—,,—,,—,,—,,—,
  Kerosene,,—,,—,,—,,-41.13,,—,,0.13,,—,,—,,—,,—,,—,,—,,—,,—,,—,,—,,—,,—,,—,,—,,—,,—,,—,,—,,—,,—,,—,,—,,—,,—,,—,,—,,—,,—,,—,,—,,—,,—,,—,,—,
  Lubricant,,—,,—,,—,,-13.75,,—,,3.25,,—,,—,,—,,—,,—,,—,,—,,—,,—,,—,,—,,—,,—,,—,,—,,—,,—,,—,,—,,—,,—,,—,,—,,—,,—,,—,,—,,—,,—,,—,,—,,—,,—,,—,
  Heavy Oil,,—,,—,,—,,-41.16,,—,,-2.34,,—,,—,,—,,—,,—,,—,,—,,—,,—,,—,,—,,—,,—,,—,,—,,—,,—,,—,,—,,—,,—,,—,,—,,—,,—,,—,,—,,—,,—,,—,,—,,—,,—,,—,
  Natural Gas,,—,,—,,—,,0.43,,—,,-0.03,,—,,—,,—,,—,,—,,—,,—,,—,,—,,—,,—,,—,,—,,—,,—,,—,,—,,—,,—,,—,,—,,—,,—,,—,,—,,—,,—,,—,,—,,—,,—,,—,,—,,—,
  Diesel,,—,,—,,—,,-27.42,,—,,-2.58,,—,,—,,—,,—,,—,,—,,—,,—,,—,,—,,—,,—,,—,,—,,—,,—,,—,,—,,—,,—,,—,,—,,—,,—,,—,,—,,—,,—,,—,,—,,—,,—,,—,,—,
  Gasoline,,—,,—,,—,,-22.63,,—,,3.83,,—,,—,,—,,—,,—,,—,,—,,—,,—,,—,,—,,—,,—,,—,,—,,—,,—,,—,,—,,—,,—,,—,,—,,—,,—,,—,,—,,—,,—,,—,,—,,—,,—,,—,
Marketing Retail Sites,,—,,20572,1.0,—,,—,,—,,20714,1.0,—,,—,,—,,20895,1.0,—,,—,,—,,21399,1.0,—,,—,,—,,21783,1.0,—,,21856,1.0,—,,22365,1.0,—,,22384,1.0,—,,22619,1.0,—,,—,,—,,22800,1.0,22701,1.0,22619,1.0,22681,1.0,22586,1.0,22441,1.0,22670,1.0,22509,1.0,22755,1.0,22689,1.0,—,
  Service Station,,—,,20572,1.0,—,,—,,—,,20714,1.0,—,,—,,—,,20895,1.0,—,,—,,—,,21399,1.0,—,,—,,—,,21783,1.0,—,,21856,1.0,—,,22365,1.0,—,,22384,1.0,—,,22619,1.0,—,,—,,—,,22800,1.0,22701,1.0,22619,1.0,22681,1.0,22586,1.0,22441,1.0,22670,1.0,22509,1.0,22755,1.0,22689,1.0,—,
    Owned Service Stations,,—,,20422,0.992708535874004,—,,—,,—,,20422,0.985903253837984,—,,—,,—,,20101,0.962000478583393,—,,—,,—,,20350,0.950979017711108,—,,—,,—,,20555,0.943625763209842,—,,—,,—,,20955,0.936955063715627,—,,—,,—,,21042,0.930279853220744,—,,—,,—,,20734,0.909385964912281,—,,20665,0.91361244971042,—,,20564,0.910475515806252,20419,0.909897063410721,20619,0.909528010586678,—,,20367,0.895056031641397,20301,0.894750760280312,—,
    Other,,—,,150,0.0072914641259965,—,,—,,—,,292,0.014096746162016,—,,—,,—,,794,0.0379995214166068,—,,—,,—,,1049,0.049020982288892,—,,—,,—,,1228,0.0563742367901575,—,,—,,—,,1410,0.0630449362843729,—,,—,,—,,1577,0.0697201467792564,—,,—,,—,,2066,0.0906140350877193,—,,1954,0.0863875502895796,—,,2022,0.0895244841937483,2022,0.0901029365892786,2051,0.0904719894133216,—,,2388,0.104943968358603,2388,0.105249239719688,—,
Total Marketing Volume (mbpd),,3.71725,1.0,3812.247777,1.0,3326.08,1.0,3520.77,1.0,3639.84,1.0,3577.57,1.0,3014.548,1.0,3175.092,1.0,3434.5167,1.0,3553.174,1.0,3172.293,1.0,3506.736,1.0,3692.42852,1.0,4330.712,1.0,3481.778,1.0,3934.641,1.0,3808.044,1.0,3348.119,1.0,3452.879,1.0,86459.121,1.0,4003.851,1.0,4285.9593,1.0,2912.722,1.0,3373.57,1.0,3539.972,1.0,3259.593,1.0,2975.96,1.0,3580.092,1.0,—,,3181.53,1.0,2896.65,1.0,—,,—,,3178.82,1.0,—,,4735.5,1.0,3359.168,1.0,3213.09,1.0,39258,1.0,—,
  Diesel,,1.88442,0.50693926962136,1860.5,0.488032286679985,1533.33,0.461002140658072,1777.75,0.504932159726423,1916.75,0.526602817706273,1835.75,0.513127625734787,1446.214,0.479744890444604,1641.413,0.516965492653441,1745.811,0.508313440432536,1700.417,0.478562828614641,1550.789,0.488854276701427,1891.337,0.539343993959055,1806.97222,0.48937229528278,2239.684,0.51716299767798,1672.377,0.480322697196662,1936.902,0.492269053263055,1883.374,0.49457779374398,1642.164,0.490473606224868,1621.557,0.469624623393985,41663.443,0.481886034904287,1931.402,0.482386082798785,1935.7042,0.451638493160679,1394.468,0.478750804230545,1761.209,0.522060902841797,1742.278,0.492172819446029,1659.794,0.509202836059594,1355.553,0.45550108200379,1784.646,0.498491658873571,—,,1676.34,0.526897436139216,1331.087,0.459526349403621,—,,—,,1719.68,0.5409806154485,—,,2251.2,0.475388026607539,1599.3935,0.476127868567455,1597.23,0.497100921542814,16998,0.432981812624179,—,
  Gasoline,,1.49024,0.400898513686193,1621.894444,0.42544308210636,1447.64,0.435239080238599,1409.87,0.400443652950917,1473.14,0.404726581388193,1397.49,0.390625480423863,1254.343,0.416096542499904,1215.59,0.382851898464674,1309.539,0.381287707816357,1476.45,0.415529889614187,1304.815,0.411316041740155,1279.118,0.364760278503999,1525.52963,0.413150754777509,1643.078,0.379401354788774,1449.639,0.416350209576831,1628.207,0.413813356796719,1477.8,0.388073247052818,1283.715,0.383413791445286,1458.26,0.422331625290084,35037.74,0.405252095958736,1671.063,0.417363932873626,1810.6511,0.422461104565319,1214.977,0.417127690181212,1376.817,0.408118699182172,1500.448,0.423858719786484,1271.631,0.390119564006917,1347.999,0.452962741434697,1405.128,0.392483768573545,—,,1233.64,0.387750547692462,1278.049,0.441216232544491,—,,—,,1130.09,0.355506131205919,—,,1946.2,0.41098088902967,1377.5319,0.410081276077886,1241.03,0.386241904210588,16967,0.432192164654338,—,
  Kerosene,,0.34259,0.0921622166924474,329.853333,0.0865246312136547,345.11,0.103758779103329,333.15,0.0946241873226595,249.95,0.0686706009055343,344.33,0.0962468938413504,313.991,0.104158567055492,318.089,0.100182608881884,379.1667,0.110398851751107,376.307,0.105907281771171,316.689,0.0998296815584185,336.281,0.095895727536946,359.92667,0.0974769499397107,447.95,0.103435647533246,359.762,0.103327093226507,369.532,0.0939175899402258,446.87,0.117348959203202,422.24,0.126112602329846,373.062,0.108043751315931,9757.938,0.112861869136976,401.386,0.100249984327589,539.604,0.125900402274002,303.277,0.104121505588244,235.544,0.0698203979760313,297.246,0.0839684607674863,328.168,0.100677599933489,272.408,0.0915361765615129,390.318,0.109024572552884,—,,271.55,0.0853520161683215,287.514,0.0992574180518875,—,,—,,329.05,0.103513253345581,—,,538.1,0.113631084362792,382.2426,0.113790855354659,374.83,0.116657174246598,5293,0.134826022721484,—,
Total Refining Inputs (mbpd),,2737.78,1.0,2.935556,1.0,2.81667,1.0,2.69111,1.0,—,,2848.89,1.0,2716.483,1.0,2595.083,1.0,2440.27,1.0,—,,—,,2551.111,1.0,2757.40741,1.0,3261.111,1.0,3135.555,1.0,6295.5553,1.0,3044.444,1.0,3.302222,1.0,—,,3397.777,1.0,—,,—,,3072.222,1.0,3241.111,1.0,—,,—,,3311.111,1.0,3385.714,1.0,—,,—,,—,,—,,—,,—,,—,,—,,—,,—,,—,,—,
  Refined Oil Products (Thousand Tons),,—,,—,,—,,—,,—,,—,,—,,—,,—,,—,,—,,—,,—,,—,,—,,2993.3333,0.475467716088524,—,,—,,—,,—,,—,,—,,—,,—,,—,,—,,—,,—,,—,,—,,—,,—,,—,,—,,—,,—,,—,,—,,—,,—,
  Refining and Chemicals,,2737.78,1.0,2.935556,1.0,2.81667,1.0,2.69111,1.0,—,,2848.89,1.0,2716.483,1.0,2595.083,1.0,2440.27,1.0,—,,—,,2551.111,1.0,2757.40741,1.0,3261.111,1.0,3135.555,1.0,3302.222,0.524532283911476,3044.444,1.0,3.302222,1.0,—,,3397.777,1.0,—,,—,,3072.222,1.0,3241.111,1.0,—,,—,,3311.111,1.0,3385.714,1.0,—,,—,,—,,—,,—,,—,,—,,—,,—,,—,,—,,—,
Total Refining Outputs (mbpd),,1915.91,1.0,2149.582222,1.0,2036.23,1.0,2022.68,1.0,1952.79,1.0,2026.12,1.0,1836.993,1.0,1701.52,1.0,1634.8937,1.0,1964.826,1.0,1825.03,1.0,1730.5859,1.0,1983.391482,1.0,2540.6216,1.0,2149.459,1.0,2077.704,1.0,2106.849,1.0,2314.563,1.0,2274.826,1.0,2327.0154,1.0,2398.774598,1.0,2734.4291,1.0,2069.575,1.0,2206.601,1.0,2257.338,1.0,2156.464,1.0,2212.266,1.0,2270.29,1.0,—,,2199.43,1.0,2155.123,1.0,—,,—,,2222.75,1.0,—,,—,,2472.1231,1.0,2432.34,1.0,2475.061,1.0,—,
  Diesel,,1156.25,0.603499120522363,1281.083333,0.595968518853893,1188.75,0.583799472554672,1138.42,0.562827535744656,1084.5,0.555359255219455,1103.5,0.544637040254279,1024.92,0.557933535947061,921.727,0.541708002256806,874.552,0.534928968164719,1004.833,0.511410679622521,963.473,0.527921732793433,912.5415,0.527302054177143,980.805556,0.494509311399775,1288.723,0.507247124089632,1084.623,0.504602786096408,1027.645,0.494606065156538,1024.854,0.486439227490912,1133.883,0.48989074827516,1057.94,0.465064141169478,1059.222,0.455184783048707,1126.902815,0.469782703193358,1202.4691,0.439751427455186,972.638,0.469969921360666,1152.93,0.522491379275184,1052.852,0.466413093652789,941.294,0.436498824000772,961.309,0.434535901198138,941.732,0.414806918939871,—,,1085.7,0.493627894499939,1007.285,0.467390956339847,—,,—,,1205.71,0.542440670340794,—,,—,,1168.5329,0.472683945229103,1180.55,0.48535566573752,1078.46,0.435730674920739,—,
  Gasoline,,659.13,0.344029729997756,769.438889,0.357948107834695,734.12,0.360529016859589,773.59,0.382457927106611,742.62,0.380286666769084,796.26,0.392997453260419,692.86,0.377170735000079,663.803,0.390123536602567,625.575,0.382639556321001,822.8,0.418764816833653,729.376,0.399651512577875,678.8849,0.392286161582618,849.937037,0.42852711868206,1058.788,0.416743681939884,869.767,0.404644610574103,851.377,0.409768186421165,865.99,0.411035627137968,980.356,0.423559868536739,987.827,0.434242882752351,1007.2396,0.432846125556367,1003.618957,0.418388187800878,1238.212,0.452822857977923,900.39,0.435060338475291,900.144,0.407932381069346,969.886,0.42965918263016,985.709,0.457095040770446,1017.629,0.459993960943214,1043.229,0.459513542322787,—,,962.82,0.437758873890053,967.137,0.448761857211862,—,,—,,856.18,0.385189517489596,—,,—,,1009.4002,0.408313081173021,965.95,0.397127868636786,1011.481,0.408669119670182,—,
  Kerosene,,100.53,0.0524711494798816,99.06,0.0460833733114118,113.36,0.0556715105857393,110.67,0.0547145371487334,125.67,0.0643540780114605,126.36,0.062365506485302,119.213,0.0648957290528597,115.99,0.0681684611406272,134.7667,0.0824314755142796,137.193,0.0698245035438253,132.181,0.072426754628691,139.1595,0.0804117842402391,152.648889,0.0769635699181651,193.1106,0.0760091939704834,195.069,0.0907526033294889,198.682,0.0956257484222969,216.005,0.102525145371121,200.324,0.0865493831881007,229.059,0.10069297607817,260.5538,0.111969091394926,268.252826,0.111829109005764,293.748,0.107425714566891,196.547,0.0949697401640433,153.527,0.0695762396554701,234.6,0.103927723717051,229.461,0.106406135228782,233.328,0.105470137858648,285.329,0.125679538737342,—,,150.91,0.0686132316100081,180.701,0.0838471864482909,—,,—,,160.86,0.0723698121696097,—,,—,,294.19,0.119002973597876,285.84,0.117516465625694,385.12,0.155600205409079,—,
Total Refining Utilization (%),,—,,—,,—,,—,,—,,—,,—,,—,,—,,—,,—,,—,,—,,—,,—,,—,,—,,—,,—,,—,,—,,—,,—,,—,,—,,—,,—,,—,,—,,—,,—,,—,,—,,—,,—,,—,,—,,—,,—,,—,
  Refining and Chemicals,,—,,—,,—,,—,,—,,—,,—,,—,,—,,—,,—,,—,,—,,80.3,,—,,—,,—,,82.2,,—,,—,,—,,—,,—,,—,,—,,—,,—,,—,,—,,—,,—,,—,,—,,—,,—,,—,,—,,—,,—,,—,
Total Crude Oil Throughput (mbpd),,—,,—,,—,,—,,—,,—,,2716.483,1.0,2595.083,1.0,2440.27,1.0,—,,—,,—,,—,,—,,3135.555,1.0,3302.222,1.0,3044.444,1.0,3302.222,1.0,—,,—,,—,,—,,3072.222,1.0,3241.111,1.0,—,,—,,3311.111,1.0,3385.714,1.0,—,,—,,—,,—,,—,,—,,—,,—,,—,,—,,—,,—,
  Refining and Chemicals,,—,,—,,—,,—,,—,,—,,2716.483,1.0,2595.083,1.0,2440.27,1.0,—,,—,,—,,—,,—,,3135.555,1.0,3302.222,1.0,3044.444,1.0,3302.222,1.0,—,,—,,—,,—,,3072.222,1.0,3241.111,1.0,—,,—,,3311.111,1.0,3385.714,1.0,—,,—,,—,,—,,—,,—,,—,,—,,—,,—,,—,,—,
Source: Bloomberg,,,,,,,,,,,,,,,,,,,,,,,,,,,,,,,,,,,,,,,,,,,,,,,,,,,,,,,,,,,,,,,,,,,,,,,,,,,,,,,,,
