Unnamed: 0,Unnamed: 1,Unnamed: 2,Unnamed: 3,Unnamed: 4,Unnamed: 5,Unnamed: 6,Unnamed: 7,Unnamed: 8,Unnamed: 9,Unnamed: 10,Unnamed: 11,Unnamed: 12,Unnamed: 13,Unnamed: 14,Unnamed: 15,Unnamed: 16,Unnamed: 17,Unnamed: 18,Unnamed: 19,Unnamed: 20,Unnamed: 21,Unnamed: 22,Unnamed: 23,Unnamed: 24,Unnamed: 25,Unnamed: 26,Unnamed: 27,Unnamed: 28,Unnamed: 29,Unnamed: 30,Unnamed: 31,Unnamed: 32,Unnamed: 33,Unnamed: 34,Unnamed: 35,Unnamed: 36,Unnamed: 37,Unnamed: 38,Unnamed: 39,Unnamed: 40,Unnamed: 41
Microsoft Corp (MSFT US) - By Measure,,,,,,,,,,,,,,,,,,,,,,,,,,,,,,,,,,,,,,,,,
,,,,,,,,,,,,,,,,,,,,,,,,,,,,,,,,,,,,,,,,,
In Millions of USD except Per Share,,FY 2005,,FY 2006,,FY 2007,,FY 2008,,FY 2009,,FY 2010,,FY 2011,,FY 2012,,FY 2013,,FY 2014,,FY 2015,,FY 2016,,FY 2017,,FY 2018,,FY 2019,,FY 2020,,FY 2021,,FY 2022,,FY 2023,,FY 2024,
12 Months Ending,,06/30/2005,,06/30/2006,,06/30/2007,,06/30/2008,,06/30/2009,,06/30/2010,,06/30/2011,,06/30/2012,,06/30/2013,,06/30/2014,,06/30/2015,,06/30/2016,,06/30/2017,,06/30/2018,,06/30/2019,,06/30/2020,,06/30/2021,,06/30/2022,,06/30/2023,,06/30/2024,
Revenue,,39788,1.0,44282,1.0,51122,1.0,60420,1.0,58437,1.0,62484,1.0,69945,1.0,73723,1.0,77849,1.0,86833,1.0,93580,1.0,91154,1.0,96571,1.0,110360,1.0,125843,1.0,143015,1.0,168088,1.0,198270,1.0,211915,1.0,245122,1.0
  Intelligent Cloud,,—,,—,,—,,—,,—,,—,,—,,—,,—,,—,,23715,0.254166443384599,24952,0.273734559097791,27407,0.283801555332346,32219,0.291944545125045,38985,0.309790771040106,48366,0.338188301926371,60080,0.357431821426872,75251,0.379538003732284,87907,0.414821980511054,105362,0.42983493933633
  Productivity & Business Processes,,—,,—,,—,,—,,—,,—,,—,,—,,—,,—,,26430,0.28326456245646,25792,0.282949733418171,29870,0.309306106388046,35865,0.324981877491845,41160,0.327074211517526,46398,0.324427507604097,53915,0.320754604730855,63364,0.319584405104151,69274,0.32689521742208,77728,0.317099240378261
  More Personal Computing,,—,,—,,—,,—,,—,,—,,—,,—,,—,,—,,43160,0.462568994158941,40410,0.443315707484038,39294,0.406892338279608,42276,0.38307357738311,45698,0.363135017442369,48251,0.337384190469531,54093,0.321813573842273,59655,0.300877591163565,54734,0.258282802066866,62032,0.253065820285409
  Adjustment,,-24,,-39,,-17,,—,,-153,,65,,—,,—,,—,,—,,—,,—,,—,,—,,—,,—,,—,,—,,—,,—,
  Corporate and Other,,—,,—,,—,,—,,—,,—,,—,,-485,,403,,-415,,275,,—,,—,,—,,—,,—,,—,,—,,—,,—,
  Unallocated and Other,,—,,—,,—,,—,,—,,228,,196,,—,,—,,—,,—,,—,,—,,—,,—,,—,,—,,—,,—,,—,
  Commercial,,—,,—,,—,,—,,—,,—,,—,,41770,0.562877317809401,45439,0.586718487720476,49631,0.568849715752797,—,,—,,—,,—,,—,,—,,—,,—,,—,,—,
    Other,,—,,—,,—,,—,,—,,—,,—,,4644,0.0625808538163001,5661,0.073096092761408,7546,0.0864890885750963,—,,—,,—,,—,,—,,—,,—,,—,,—,,—,
    Licensing,,—,,—,,—,,—,,—,,—,,—,,37126,0.5002964639931,39778,0.513622394959068,42085,0.4823606271777,—,,—,,—,,—,,—,,—,,—,,—,,—,,—,
  Windows & Windows Live Division,,12179,0.305912790113534,13241,0.298752284470116,15123,0.295723420481433,17032,0.281269610595502,14712,0.251100870455709,18373,0.295428598993423,19033,0.272878464207372,—,,—,,—,,—,,—,,—,,—,,—,,—,,—,,—,,—,,—,
    Retail and Commercial Windows Licensing,,2128,0.0534512207374661,2010,0.0453509622977821,2432,0.0475566593011205,2641,0.0436139643954157,2354,0.0401775046936337,3266,0.0525156373108649,4756,0.0681873575248391,—,,—,,—,,—,,—,,—,,—,,—,,—,,—,,—,,—,,—,
    OEM Windows Licensing,,10051,0.252461569376068,11231,0.253401322172334,12691,0.248166761180312,14391,0.237655646200086,12358,0.210923365762075,15107,0.242912961682559,14268,0.204562072574517,—,,—,,—,,—,,—,,—,,—,,—,,—,,—,,—,,—,,—,
      Regular Licensing,,5025.5,0.126230784688034,5391,0.121635342162857,4061,0.0794110170320108,3865,0.0638273276744724,4449,0.0759344598054276,3141,0.0505057001816983,—,,—,,—,,—,,—,,—,,—,,—,,—,,—,,—,,—,,—,,—,
      Premium Licensing,,5025.5,0.126230784688034,5840,0.131765980009476,8630,0.168755744148302,10526,0.173828318525613,7909,0.134988905956648,11966,0.19240726150086,—,,—,,—,,—,,—,,—,,—,,—,,—,,—,,—,,—,,—,,—,
  Online Services Division,,2344,0.0588767205867578,2299,0.0518715732948264,2474,0.0483779502923405,3214,0.0530765927932094,3088,0.052705239802014,2199,0.0353588139762988,2607,0.0373768799552682,—,,—,,—,,—,,—,,—,,—,,—,,—,,—,,—,,—,,—,
    Other,,950,0.0238621521149402,779,0.0175763182238668,634,0.0123975830579401,821,0.0135581464477987,768,0.0131080389144905,299,0.00480776961296651,228,0.00326886406973577,—,,—,,—,,—,,—,,—,,—,,—,,—,,—,,—,,—,,—,
    Online Advertising,,1394,0.0350145684718175,1520,0.0342952550709596,1840,0.0359803672344004,2393,0.0395184463454107,2320,0.0395972008875235,1900,0.0305510443633323,2300,0.0329753831596152,—,,—,,—,,—,,—,,—,,—,,—,,—,,—,,—,,—,,—,
  Server and Tools,,8367,0.210162764995479,9652,0.217774869700593,11175,0.218522067306752,13170,0.217491825478086,14135,0.241252773510838,14866,0.239037802897525,16680,0.239143213522775,—,,—,,—,,—,,—,,—,,—,,—,,—,,—,,—,,—,,—,
    Consulting and Product Support Services,,1461,0.0366974781472923,1678,0.0378601565849146,2081,0.0406930131602104,2655,0.0438451629950127,2792,0.0476531831370541,2871,0.0461642359826985,3782,0.0542229996128977,—,,—,,—,,—,,—,,—,,—,,—,,—,,—,,—,,—,,—,
    Windows Server and SQL Server Products,,6906,0.173465286848186,7974,0.179914713115679,9094,0.177829054146542,10515,0.173646662483073,11343,0.193599590373784,11995,0.192873566914827,13314,0.190884457124833,—,,—,,—,,—,,—,,—,,—,,—,,—,,—,,—,,—,,—,
  Microsoft Business Division,,13407,0.336757761478951,14373,0.324293224430857,16284,0.318426250024443,18998,0.313736499653202,18902,0.322614780679297,18695,0.300606197038157,22514,0.322785989763294,—,,—,,—,,—,,—,,—,,—,,—,,—,,—,,—,,—,,—,
    Consumer,,3417,0.0858283934492113,3373,0.0761038785225965,3744,0.0732122255030407,3824,0.0631502460613667,3299,0.0563065369516982,3133,0.0503770642054317,4167,0.059742792011355,—,,—,,—,,—,,—,,—,,—,,—,,—,,—,,—,,—,,—,
    Businesses,,9990,0.25092936802974,11000,0.24818934590826,12540,0.245214024521402,15174,0.250586253591835,15664,0.267349377026796,15562,0.250229132832725,17562,0.251788556108331,—,,—,,—,,—,,—,,—,,—,,—,,—,,—,,—,,—,,—,
  Entertainment and Devices Division,,3515,0.0882899628252788,4756,0.107308048103608,6083,0.118950311895031,8140,0.134425471480001,7753,0.132326335552142,8058,0.129568587094596,8915,0.127815452551291,—,,—,,—,,—,,—,,—,,—,,—,,—,,—,,—,,—,,—,
    Other Entertainment & Devices,,—,,832,0.0187721396177884,1371,0.0268092844991103,2387,0.0394193612312977,2161,0.0368834272060079,2196,0.0353105754851988,—,,—,,—,,—,,—,,—,,—,,—,,—,,—,,—,,—,,—,,—,
    Mobile and Embedded Devices Software,,—,,494,0.0111459578980619,632,0.0123584739631201,—,,—,,—,,—,,—,,—,,—,,—,,—,,—,,—,,—,,—,,—,,—,,—,,—,
    XBOX Platform and PC Games,,—,,3430,0.0773899505877575,4080,0.0797825534328008,5753,0.0950061102487036,5592,0.0954429083461342,5862,0.0942580116093969,8676,0.124388880127314,—,,—,,—,,—,,—,,—,,—,,—,,—,,—,,—,,—,,—,
  Reconciliation,,—,,—,,—,,-134,,—,,—,,—,,—,,—,,—,,—,,—,,—,,—,,—,,—,,—,,—,,—,,—,
  Devices and Consumer,,—,,—,,—,,—,,—,,—,,—,,32438,0.437122682190599,32007,0.413281512279524,37617,0.431150284247203,—,,—,,—,,—,,—,,—,,—,,—,,—,,—,
    Other,,—,,—,,—,,—,,—,,—,,—,,6203,0.0835893704182837,6431,0.0830385042481213,7014,0.0803915275994865,—,,—,,—,,—,,—,,—,,—,,—,,—,,—,
    Hardware,,—,,—,,—,,—,,—,,—,,—,,6740,0.0908257869771453,6149,0.0793972574438964,11075,0.126937007152026,—,,—,,—,,—,,—,,—,,—,,—,,—,,—,
      Phone Hardware,,—,,—,,—,,—,,—,,—,,—,,0,,0,,1982,0.0227168531083807,—,,—,,—,,—,,—,,—,,—,,—,,—,,—,
      Computing and Gaming Hardware,,—,,—,,—,,—,,—,,—,,—,,6740,0.0908257869771453,6149,0.0793972574438964,9093,0.104220154043646,—,,—,,—,,—,,—,,—,,—,,—,,—,,—,
    Licensing,,—,,—,,—,,—,,—,,—,,—,,19495,0.26270752479517,19427,0.250845750587506,19528,0.22382174949569,—,,—,,—,,—,,—,,—,,—,,—,,—,,—,
Revenue - Supplementary Breakdown,,—,,—,,—,,—,,58437,1.0,62484,1.0,69943,1.0,73723,1.0,77849,1.0,86833,1.0,93580,1.0,91154,1.0,—,,110360,1.0,125843,1.0,143015,1.0,168088,1.0,198270,1.0,211915,1.0,245122,1.0
  Server Products & Cloud Services,,—,,—,,—,,—,,11344,0.194123586084159,12007,0.192161193265476,13251,0.189454269905494,—,,—,,17055,0.196411502539357,18612,0.198888651421244,19062,0.209118634398929,—,,—,,—,,41379,0.289333286718176,52589,0.31286587977726,67321,0.339542038634186,79970,0.377368284453673,97726,0.398683104739681
  Office Products & Cloud Services,,—,,—,,—,,—,,17998,0.307989800982254,17754,0.284136739005185,20730,0.296384198561686,22299,0.302470056834367,22995,0.295379516756798,24323,0.280112399663722,23538,0.25152810429579,23868,0.261842596046251,—,,28316,0.256578470460312,31769,0.252449480702145,35316,0.246939132258854,39872,0.237209080957594,44862,0.226267211378423,48848,0.230507514805464,54875,0.223868114653112
  Windows,,—,,—,,—,,—,,—,,—,,—,,—,,—,,—,,—,,17548,0.192509379731005,—,,19518,0.176857557085901,20395,0.162067020017005,22294,0.155885746250393,22488,0.1337870639189,24761,0.124885257477178,21507,0.101488804473492,23244,0.0948262497858209
  Gaming,,—,,—,,—,,—,,—,,—,,—,,—,,—,,—,,—,,9202,0.100950040590649,—,,10353,0.0938111634650236,11386,0.0904778175981183,11575,0.0809355661993497,15370,0.0914401979915283,16230,0.0818580723256166,15466,0.0729820918764599,21503,0.0877236641345942
  Linkedln,,—,,—,,—,,—,,—,,—,,—,,—,,—,,—,,—,,0,,—,,5259,0.0476531351939108,6754,0.0536700491882743,8077,0.0564765933643324,10289,0.061211984198753,13816,0.0696827558379987,14989,0.0707311893919732,16372,0.0667912304893074
  Search Advertising,,—,,—,,—,,—,,—,,—,,—,,—,,—,,—,,—,,5428,0.0595475788226518,—,,—,,—,,7740,0.0541201971821138,9267,0.0551318357051069,11591,0.0584606849245978,12158,0.0573720595521789,12576,0.0513050644169026
  Enterprise Services,,—,,—,,—,,—,,—,,—,,—,,—,,—,,—,,—,,5659,0.0620817517607565,—,,5846,0.0529720913374411,6124,0.0486638112568836,6409,0.0448134811033808,6943,0.0413057446099662,7407,0.0373581479800272,7900,0.0372790977514569,7594,0.0309804913471659
  Dynamics Products & Cloud Services,,—,,—,,—,,—,,—,,—,,—,,—,,—,,—,,—,,—,,—,,—,,—,,—,,—,,—,,5437,0.025656513224642,6481,0.0264398952358417
  Devices,,—,,—,,—,,—,,—,,—,,—,,—,,—,,4956,0.0570750751442424,11602,0.123979482795469,7888,0.0865348750466244,—,,5134,0.0465204784342153,6095,0.0484333653838513,6457,0.0451491102331923,6791,0.0404014563799914,6991,0.0352599989912745,5521,0.026052898567822,4706,0.0191986031445566
    Phone,,—,,—,,—,,—,,—,,—,,—,,162,0.00219741464671812,615,0.00789990879780087,3073,0.0353897711699469,7702,0.0823039110921137,—,,—,,—,,—,,—,,—,,—,,—,,—,
    Surface,,—,,—,,—,,—,,—,,—,,—,,0,,853,0.010957109275649,1883,0.0216853039742955,3900,0.0416755717033554,—,,—,,—,,—,,—,,—,,—,,—,,—,
  Other,,—,,—,,—,,—,,3598,0.0615705802830399,3478,0.0556622495358812,3749,0.0536007892140743,4508,0.0611478100457117,5590,0.0718056750889543,6217,0.0715972038280377,6234,0.0666167984612097,2499,0.0274151436031332,—,,2793,0.0253080826386372,3070,0.024395476903761,3768,0.0263468866902073,4479,0.0266467564609014,5291,0.0266858324506985,119,0.000561545902838402,45,0.000183582053018497
  Xbox,,—,,—,,—,,—,,5475,0.0936906412033472,5456,0.0873183534984956,8103,0.115851479061522,8045,0.109124696499057,7100,0.0912021991290832,8643,0.0995358907327859,9121,0.0974674075657192,—,,—,,—,,—,,—,,—,,—,,—,,—,
  Consulting and Product Support Services,,—,,—,,—,,—,,3024,0.051748036346835,3036,0.0485884386402919,3372,0.0482106858441874,3976,0.0539316088601929,4372,0.0561600020552608,4767,0.0548984832955213,5090,0.0543919640948921,—,,—,,—,,—,,—,,—,,—,,—,,—,
  Windows PC Operating Systems,,—,,—,,—,,—,,14653,0.250748669507333,18225,0.291674668715191,17825,0.254850378165077,17320,0.234933467167641,17529,0.225166668807563,16856,0.194119747100757,14826,0.15843128873691,—,,—,,—,,—,,—,,—,,—,,—,,—,
  Search Advertising,,—,,—,,—,,—,,—,,—,,—,,—,,—,,—,,—,,—,,—,,7012,0.0635375135918811,7628,0.060615211016902,—,,—,,—,,—,,—,
  Advertising,,—,,—,,—,,—,,2345,0.0401286855930318,2528,0.0404583573394789,2913,0.0416481992479591,3181,0.0431479999457429,3387,0.0435073025986204,4016,0.0462496976955766,4557,0.0486963026287668,—,,—,,—,,—,,—,,—,,—,,—,,—,
  Server Products & Cloud Services,,—,,—,,—,,—,,—,,—,,—,,14232,0.19304694600057,15408,0.19792161749027,—,,—,,—,,—,,26129,0.236761507792678,32622,0.259227767933059,—,,—,,—,,—,,—,
Revenue by End User,,—,,—,,—,,—,,—,,—,,—,,—,,—,,—,,—,,9500,1.0,16200,1.0,26600,1.0,38100,1.0,51700,1.0,69100,1.0,91200,1.0,111600,1.0,137400,1.0
  Commercial Cloud,,—,,—,,—,,—,,—,,—,,—,,—,,—,,—,,—,,9500,1.0,16200,1.0,26600,1.0,38100,1.0,51700,1.0,69100,1.0,91200,1.0,111600,1.0,137400,1.0
Net Sales % Increased at Constant Currency,,—,,—,,—,,—,,—,,—,,—,,—,,—,,—,,—,,—,,—,,—,,—,,—,,—,,—,,—,,—,
  Productivity & Business Processes,,—,,—,,—,,—,,—,,—,,—,,—,,—,,—,,—,,—,,35,,15,,—,,—,,—,,—,,—,,—,
Net Sales % Increased at Constant Currency - Supplementary Breakdown,,—,,—,,—,,—,,—,,—,,—,,—,,—,,—,,—,,—,,—,,—,,—,,—,,—,,—,,—,,—,
  Azure,,—,,—,,—,,—,,—,,—,,—,,—,,—,,—,,—,,—,,—,,—,,—,,—,,—,,—,,—,,33,
    AI,,—,,—,,—,,—,,—,,—,,—,,—,,—,,—,,—,,—,,—,,—,,—,,—,,—,,—,,—,,9,
  Search Advertising,,—,,—,,—,,—,,—,,—,,—,,—,,—,,—,,—,,—,,—,,—,,—,,—,,—,,—,,—,,9,
Gross Profit,,—,,—,,—,,—,,—,,—,,—,,56193,1.0,57464,1.0,59755,1.0,60542,1.0,—,,—,,—,,—,,—,,—,,—,,—,,—,
  Corporate and Other,,—,,—,,—,,—,,—,,—,,—,,-582,,370,,-493,,132,,—,,—,,—,,—,,—,,—,,—,,—,,—,
  Commercial,,—,,—,,—,,—,,—,,—,,—,,35042,0.617208278291501,37202,0.651592111255123,40470,0.671723542690214,42029,0.695729183909949,—,,—,,—,,—,,—,,—,,—,,—,,—,
    Other,,—,,—,,—,,—,,—,,—,,—,,579,0.0101981505944518,922,0.0161488072301818,1855,0.0307894037976364,4199,0.069508359543122,—,,—,,—,,—,,—,,—,,—,,—,,—,
    Licensing,,—,,—,,—,,—,,—,,—,,—,,34463,0.60701012769705,36280,0.635443304024941,38615,0.640934138892577,37830,0.626220824366827,—,,—,,—,,—,,—,,—,,—,,—,,—,
  Devices and Consumer,,—,,—,,—,,—,,—,,—,,—,,21733,0.382791721708498,19892,0.348407888744877,19778,0.328276457309786,18381,0.304270816090051,—,,—,,—,,—,,—,,—,,—,,—,,—,
    Other,,—,,—,,—,,—,,—,,—,,—,,1998,0.0351915455746367,1951,0.0341717168178793,1393,0.0231210994555836,2022,0.0334712795894719,—,,—,,—,,—,,—,,—,,—,,—,,—,
    Hardware,,—,,—,,—,,—,,—,,—,,—,,2495,0.0439453985028622,956,0.0167443163905139,946,0.0157017660337273,2489,0.0412017877834796,—,,—,,—,,—,,—,,—,,—,,—,,—,
      Phone Hardware,,—,,—,,—,,—,,—,,—,,—,,0,,0,,54,0.000896295312707476,701,0.0116040390663797,—,,—,,—,,—,,—,,—,,—,,—,,—,
      Computing and Gaming Hardware,,—,,—,,—,,—,,—,,—,,—,,2495,0.0439453985028622,956,0.0167443163905139,892,0.0148054707210198,1788,0.0295977487170998,—,,—,,—,,—,,—,,—,,—,,—,,—,
    Licensing,,—,,—,,—,,—,,—,,—,,—,,17240,0.303654777631,16985,0.297491855536484,17439,0.289453591820475,13870,0.2295977487171,—,,—,,—,,—,,—,,—,,—,,—,,—,
Gross Margin,,—,,—,,—,,—,,—,,—,,—,,—,,—,,—,,—,,—,,—,,—,,—,,—,,—,,—,,—,,—,
  Commercial Cloud,,—,,—,,—,,—,,—,,—,,—,,—,,—,,—,,—,,—,,—,,—,,—,,—,,—,,70,,72,,71,
Operating Income,,14561,1.0,16472,1.0,18524,1.0,22271,1.0,20363,1.0,24098,1.0,27161,1.0,21763,1.0,26764,1.0,27759,1.0,18161,1.0,26078,1.0,29025,1.0,35058,1.0,42959,1.0,52959,1.0,69916,1.0,83383,1.0,88523,1.0,109433,1.0
  Intelligent Cloud,,—,,—,,—,,—,,—,,—,,—,,—,,—,,—,,9871,0.353837330178872,9249,0.340186847138443,9127,0.311172479629061,11524,0.328712419419248,13920,0.324029888963896,18324,0.346003512150909,26126,0.373676983809142,32721,0.392418118801194,37884,0.427956576257018,49584,0.453099156561549
  Productivity & Business Processes,,—,,—,,—,,—,,—,,—,,—,,—,,—,,—,,13359,0.478868695558662,11756,0.432396645578932,11389,0.388292250519928,12924,0.368646243368133,16219,0.377546032263321,18724,0.353556524858853,24351,0.348289375822415,29687,0.356031805044194,34189,0.386216011657987,40540,0.370454981586907
  More Personal Computing,,—,,—,,—,,—,,—,,—,,—,,—,,—,,—,,4667,0.167293974262466,6183,0.227416507282625,8815,0.300535269851011,10610,0.302641337212619,12820,0.298424078772783,15911,0.300439962990238,19439,0.278033640368442,20975,0.251550076154612,16450,0.185827412084995,19309,0.176445861851544
  Corporate and Other,,—,,—,,—,,—,,—,,—,,—,,-4266,,-3655,,-4277,,-9736,,-1110,,-306,,0,,—,,—,,—,,—,,—,,—,
  Commercial,,—,,—,,—,,—,,—,,—,,—,,19978,0.767528525874986,21152,0.695354876886157,23477,0.732831814209015,—,,—,,—,,—,,—,,—,,—,,—,,—,,—,
  Windows & Windows Live Division,,9435,0.44997138496757,10245,0.46708306738397,11544,0.495578260496265,13052,0.447047540759008,10435,0.416799808276082,12089,0.449472040452112,11968,0.389266547406082,—,,—,,—,,—,,—,,—,,—,,—,,—,,—,,—,,—,,—,
  Online Services Division,,470,0.0224151087371232,115,0.00524300173247014,-745,-0.031982484760024,-1233,-0.0422318125770654,-2391,-0.0955024764339351,-2436,-0.0905710886377157,-2638,-0.0858025695234998,—,,—,,—,,—,,—,,—,,—,,—,,—,,—,,—,,—,,—,
  Server and Tools,,2381,0.113553987027852,3171,0.144570073857937,3837,0.16472052889156,4593,0.157316070694616,5047,0.201589710816424,4990,0.185529446757882,6453,0.209887786631973,—,,—,,—,,—,,—,,—,,—,,—,,—,,—,,—,,—,,—,
  Microsoft Business Division,,9146,0.436188477680275,9687,0.441643111151637,10724,0.460376062505366,12358,0.423277161254966,11940,0.476913244927305,11664,0.433670434265318,13827,0.449731663685152,—,,—,,—,,—,,—,,—,,—,,—,,—,,—,,—,,—,,—,
  Entertainment and Devices Division,,-464,-0.0221289584128195,-1284,-0.0585392541260144,-2066,-0.0886923671331673,426,0.0145910398684751,5,0.000199712414123662,589,0.0218991671624033,1135,0.0369165718002927,—,,—,,—,,—,,—,,—,,—,,—,,—,,—,,—,,—,,—,
  Reconciliation,,-6407,,-5462,,-4770,,-6925,,-4673,,-2798,,-3584,,—,,—,,—,,—,,—,,—,,—,,—,,—,,—,,—,,—,,—,
  Devices and Consumer,,—,,—,,—,,—,,—,,—,,—,,6051,0.232471474125014,9267,0.304645123113843,8559,0.267168185790985,—,,—,,—,,—,,—,,—,,—,,—,,—,,—,
Operating Income Growth % at CC,,—,,—,,—,,—,,—,,—,,—,,—,,—,,—,,—,,—,,—,,—,,—,,—,,—,,—,,—,,—,
  More Personal Computing,,—,,—,,—,,—,,—,,—,,—,,—,,—,,—,,—,,—,,—,,—,,—,,—,,—,,10,,—,,—,
  Intelligent Cloud,,—,,—,,—,,—,,—,,—,,—,,—,,—,,—,,—,,—,,—,,—,,—,,—,,—,,18,,—,,—,
  Productivity & Business Processes,,—,,—,,—,,—,,—,,—,,—,,—,,—,,—,,—,,—,,—,,—,,—,,—,,—,,19,,—,,—,
Operating Income Growth %,,—,,—,,—,,—,,—,,—,,—,,—,,—,,—,,—,,—,,—,,—,,—,,—,,—,,—,,—,,—,
  Intelligent Cloud,,—,,—,,—,,—,,—,,—,,—,,—,,—,,—,,17,,-5,,-1,,26,,21,,32,,43,,25,,14,,31,
  Productivity & Business Processes,,—,,—,,—,,—,,—,,—,,—,,—,,—,,—,,-6,,-7,,-3,,13,,25,,15,,30,,22,,15,,19,
  More Personal Computing,,—,,—,,—,,—,,—,,—,,—,,—,,—,,—,,-17,,32,,43,,20,,21,,24,,22,,8,,-20,,17,
  Unallocated and Other,,—,,—,,—,,—,,16,,2,,—,,—,,—,,—,,—,,—,,—,,—,,—,,—,,—,,—,,—,,—,
  Windows & Windows Live Division,,—,,9,,13,,14,,-17,,30,,-6,,—,,—,,—,,—,,—,,—,,—,,—,,—,,—,,—,,—,,—,
  Online Services Division,,—,,—,,—,,-100,,-84,,-43,,-9,,—,,—,,—,,—,,—,,—,,—,,—,,—,,—,,—,,—,,—,
  Server and Tools,,—,,46,,29,,26,,17,,14,,19,,—,,—,,—,,—,,—,,—,,—,,—,,—,,—,,—,,—,,—,
  Microsoft Business Division,,—,,6,,13,,15,,-2,,1,,23,,—,,—,,—,,—,,—,,—,,—,,—,,—,,—,,—,,—,,—,
  Entertainment and Devices Division,,—,,-138,,-47,,0,,-66,,529,,114,,—,,—,,—,,—,,—,,—,,—,,—,,—,,—,,—,,—,,—,
Revenue Growth %,,—,,—,,—,,—,,—,,—,,—,,—,,—,,—,,—,,—,,—,,—,,—,,—,,—,,—,,—,,—,
  Intelligent Cloud,,—,,—,,—,,—,,—,,—,,—,,—,,—,,—,,—,,6,,10,,18,,21,,24,,24,,24,,17,,20,
  More Personal Computing,,—,,—,,—,,—,,—,,—,,—,,—,,—,,—,,—,,-6,,-3,,8,,8,,6,,12,,12,,-9,,13,
  Productivity & Business Processes,,—,,—,,—,,—,,—,,—,,—,,—,,—,,—,,—,,0,,16,,20,,15,,13,,16,,16,,9,,12,
  Corporate and Other,,—,,—,,—,,—,,—,,—,,—,,—,,183,,—,,—,,—,,—,,—,,—,,—,,—,,—,,—,,—,
  Commercial,,—,,—,,—,,—,,—,,—,,—,,—,,9,,9,,5,,—,,—,,—,,—,,—,,—,,—,,—,,—,
    Other,,—,,—,,—,,—,,—,,—,,—,,—,,22,,33,,44,,—,,—,,—,,—,,—,,—,,—,,—,,—,
    Licensing,,—,,—,,—,,—,,—,,—,,—,,—,,7,,6,,-2,,—,,—,,—,,—,,—,,—,,—,,—,,—,
  Windows & Windows Live Division,,6,,9,,14,,13,,-13,,23,,-2,,-3,,—,,—,,—,,—,,—,,—,,—,,—,,—,,—,,—,,—,
  Online Services Division,,3,,-2,,8,,32,,-4,,4,,15,,10,,—,,—,,—,,—,,—,,—,,—,,—,,—,,—,,—,,—,
    Online Advertising,,—,,—,,—,,—,,—,,—,,19,,—,,—,,—,,—,,—,,—,,—,,—,,—,,—,,—,,—,,—,
  Server and Tools,,16,,15,,16,,18,,8,,5,,11,,12,,—,,—,,—,,—,,—,,—,,—,,—,,—,,—,,—,,—,
    Consulting and Product Support Services,,—,,—,,—,,—,,—,,—,,11,,—,,—,,—,,—,,—,,—,,—,,—,,—,,—,,—,,—,,—,
    Windows Server and SQL Server Products,,—,,—,,—,,—,,—,,—,,11,,—,,—,,—,,—,,—,,—,,—,,—,,—,,—,,—,,—,,—,
  Microsoft Business Division,,6,,7,,13,,15,,0,,-1,,16,,7,,—,,—,,—,,—,,—,,—,,—,,—,,—,,—,,—,,—,
    Consumer,,—,,—,,—,,—,,—,,—,,33,,—,,—,,—,,—,,—,,—,,—,,—,,—,,—,,—,,—,,—,
    Businesses,,—,,—,,—,,—,,—,,—,,13,,—,,—,,—,,—,,—,,—,,—,,—,,—,,—,,—,,—,,—,
  Entertainment and Devices Division,,13,,35,,28,,34,,-5,,0,,45,,8,,—,,—,,—,,—,,—,,—,,—,,—,,—,,—,,—,,—,
    XBOX Platform and PC Games,,—,,—,,—,,—,,—,,—,,48,,—,,—,,—,,—,,—,,—,,—,,—,,—,,—,,—,,—,,—,
  Devices and Consumer,,—,,—,,—,,—,,—,,—,,—,,—,,-1,,17,,10,,—,,—,,—,,—,,—,,—,,—,,—,,—,
    Other,,—,,—,,—,,—,,—,,—,,—,,—,,7,,10,,26,,—,,—,,—,,—,,—,,—,,—,,—,,—,
    Hardware,,—,,—,,—,,—,,—,,—,,—,,—,,-4,,80,,60,,—,,—,,—,,—,,—,,—,,—,,—,,—,
      Computing and Gaming Hardware,,—,,—,,—,,—,,—,,—,,—,,—,,-4,,49,,12,,—,,—,,—,,—,,—,,—,,—,,—,,—,
    Licensing,,—,,—,,—,,—,,—,,—,,—,,—,,-2,,-1,,-23,,—,,—,,—,,—,,—,,—,,—,,—,,—,
Revenue Growth - Supplemental Breakdown,,—,,—,,—,,—,,—,,—,,—,,—,,—,,—,,—,,—,,—,,—,,—,,—,,—,,—,,—,,—,
  Xbox Software and Services,,—,,—,,—,,—,,—,,—,,—,,—,,—,,—,,—,,—,,—,,—,,—,,11,,23,,23,,3,,50,
  Server Products & Cloud Services,,—,,—,,—,,—,,—,,—,,—,,—,,—,,—,,—,,4,,—,,—,,—,,27,,27,,27,,19,,22,
    Azure,,—,,—,,—,,—,,—,,—,,—,,—,,—,,—,,—,,113,,—,,—,,—,,56,,50,,50,,29,,33,
    Server Products,,—,,—,,—,,—,,—,,—,,—,,—,,—,,—,,—,,—,,—,,—,,—,,—,,—,,6,,-1,,22,
  Dynamics Products & Cloud Services,,—,,—,,—,,—,,—,,—,,—,,—,,—,,—,,—,,4,,—,,—,,—,,14,,25,,25,,16,,19,
    Dynamics 365,,—,,—,,—,,—,,—,,—,,—,,—,,—,,—,,—,,—,,—,,—,,—,,—,,43,,43,,24,,24,
  Office Commercial Products & Cloud Services,,—,,—,,—,,—,,—,,—,,—,,—,,—,,—,,—,,1,,—,,—,,—,,12,,13,,22,,10,,14,
    Office 365 Commercial,,—,,—,,—,,—,,—,,—,,—,,—,,—,,—,,—,,—,,—,,—,,—,,24,,22,,15,,13,,16,
    Office Commercial Products,,—,,—,,—,,—,,—,,—,,—,,—,,—,,—,,—,,—,,—,,—,,—,,—,,—,,-32,,-20,,-9,
  Windows Commercial Products & Cloud Services,,—,,—,,—,,—,,—,,—,,—,,—,,—,,—,,—,,—,,—,,—,,—,,18,,14,,14,,5,,11,
  Search Advertising,,—,,—,,—,,—,,—,,—,,—,,—,,—,,—,,—,,46,,—,,—,,—,,1,,10,,10,,11,,9,
  Linkedln,,—,,—,,—,,—,,—,,—,,—,,—,,—,,—,,—,,—,,—,,—,,—,,20,,27,,27,,10,,9,
  Windows OEM,,—,,—,,—,,—,,—,,—,,—,,—,,—,,—,,—,,-1,,—,,—,,—,,9,,—,,—,,-25,,8,
    Windows Volume Licensing,,—,,—,,—,,—,,—,,—,,—,,—,,—,,—,,—,,-64,,—,,—,,—,,—,,—,,—,,—,,—,
  Office Consumer Products & Cloud Services,,—,,—,,—,,—,,—,,—,,—,,—,,—,,—,,—,,2,,—,,—,,—,,11,,10,,9,,2,,4,
  Devices,,—,,—,,—,,—,,—,,—,,—,,—,,—,,—,,—,,—,,—,,—,,—,,—,,—,,—,,-24,,-15,
  Xbox Hardware,,—,,—,,—,,—,,—,,—,,—,,—,,—,,—,,—,,—,,—,,—,,—,,-31,,92,,92,,-13,,-42,
  Enterprise Services,,—,,—,,—,,—,,—,,—,,—,,—,,—,,—,,—,,11,,—,,—,,—,,5,,8,,8,,—,,—,
  Surface,,—,,—,,—,,—,,—,,—,,—,,—,,—,,—,,—,,5,,—,,—,,—,,8,,5,,5,,—,,—,
  Windows,,—,,—,,—,,—,,—,,—,,—,,—,,—,,—,,—,,—,,—,,—,,—,,9,,4,,4,,—,,—,
    non-Pro,,—,,—,,—,,—,,—,,—,,—,,—,,—,,—,,—,,7,,—,,—,,—,,5,,21,,21,,—,,—,
    Windows OEM Pro,,—,,—,,—,,—,,—,,—,,—,,—,,—,,—,,—,,-6,,—,,—,,—,,11,,9,,-9,,—,,—,
  Gaming,,—,,—,,—,,—,,—,,—,,—,,—,,—,,—,,—,,1,,—,,—,,—,,2,,33,,33,,—,,—,
    Xbox Live,,—,,—,,—,,—,,—,,—,,—,,—,,—,,—,,—,,17,,—,,—,,—,,—,,—,,—,,—,,—,
  Office Products & Cloud Services,,—,,—,,—,,—,,—,,—,,—,,—,,—,,—,,—,,—,,—,,—,,—,,—,,—,,10,,—,,—,
Total Operating Expense,,—,,—,,—,,—,,—,,—,,—,,34430,1.0,30700,1.0,32140,1.0,32370,1.0,—,,—,,—,,—,,—,,—,,—,,—,,—,
  Corporate and Other,,—,,—,,—,,—,,—,,—,,—,,3684,,4025,,3928,,3688,,—,,—,,—,,—,,—,,—,,—,,—,,—,
  Commercial,,—,,—,,—,,—,,—,,—,,—,,15064,0.489949912183699,16050,0.601686972820993,16993,0.602332340847866,17177,0.598877344676103,—,,—,,—,,—,,—,,—,,—,,—,,—,
  Devices and Consumer,,—,,—,,—,,—,,—,,—,,—,,15682,0.510050087816301,10625,0.398313027179007,11219,0.397667659152134,11505,0.401122655323897,—,,—,,—,,—,,—,,—,,—,,—,,—,
Goodwill,,3309,1.0,3866,1.0,4760,1.0,12108,1.0,12503,1.0,12394,1.0,12581,1.0,13452,1.0,14655,1.0,20127,1.0,16939,1.0,17872,1.0,35122,1.0,35683,1.0,42026,1.0,43351,1.0,49711,1.0,67524,1.0,67886,1.0,119220,1.0
  More Personal Computing,,—,,—,,—,,—,,—,,—,,—,,—,,—,,—,,5713,0.337269024145463,5727,0.320445389435989,5828,0.16593588064461,6157,0.172547151304543,6398,0.152239090087089,6464,0.149108440405066,12138,0.244171310172799,12531,0.185578460991647,12642,0.186223963703856,64002,0.536839456467036
  Intelligent Cloud,,—,,—,,—,,—,,—,,—,,—,,—,,—,,—,,4917,0.290276875848633,5467,0.305897493285586,5555,0.158162974773646,5703,0.159824005829106,11351,0.270094703278923,12697,0.292888284007289,13256,0.266661302327453,30182,0.446981813873586,30469,0.448825972954659,30441,0.255334675390035
  Productivity & Business Processes,,—,,—,,—,,—,,—,,—,,—,,—,,—,,—,,6309,0.372454100005904,6678,0.373657117278424,23739,0.675901144581744,23823,0.667628842866351,24277,0.577666206633988,24190,0.558003275587645,24317,0.489167387499749,24811,0.367439725134767,24775,0.364950063341484,24777,0.207825868142929
  Commercial,,—,,—,,—,,—,,—,,—,,—,,10203,0.758474576271186,11362,0.775298532923917,11469,0.569831569533462,—,,—,,—,,—,,—,,—,,—,,—,,—,,—,
    Other,,—,,—,,—,,—,,—,,—,,—,,149,0.0110764198632174,1311,0.0894575230296827,1411,0.0701048343021811,—,,—,,—,,—,,—,,—,,—,,—,,—,,—,
    Licensing,,—,,—,,—,,—,,—,,—,,—,,10054,0.747398156407969,10051,0.685841009894234,10058,0.499726735231281,—,,—,,—,,—,,—,,—,,—,,—,,—,,—,
  Windows & Windows Live Division,,43,0.0129948624962224,74,0.0191412312467667,77,0.0161764705882353,153,0.0126362735381566,77,0.00615852195473086,77,0.00621268355655963,89,0.00707415944678483,—,,—,,—,,—,,—,,—,,—,,—,,—,,—,,—,,—,,—,
  Online Services Division,,171,0.0516772438803264,455,0.117692705638903,552,0.115966386554622,6274,0.518169805087545,6657,0.532432216268096,6373,0.514200419557851,6373,0.506557507352357,—,,—,,—,,—,,—,,—,,—,,—,,—,,—,,—,,—,,—,
  Server and Tools,,241,0.0728316711997582,256,0.066218313502328,580,0.121848739495798,738,0.0609514370664024,1038,0.0830200751819563,1118,0.0902049378731644,1139,0.090533343931325,—,,—,,—,,—,,—,,—,,—,,—,,—,,—,,—,,—,,—,
  Microsoft Business Division,,2435,0.735871864611665,2681,0.693481634764615,3132,0.657983193277311,4191,0.34613478691774,3927,0.314084619691274,4024,0.324673228981765,4167,0.331213734997218,—,,—,,—,,—,,—,,—,,—,,—,,—,,—,,—,,—,,—,
  Entertainment and Devices Division,,419,0.126624357812028,400,0.103466114847387,419,0.0880252100840336,752,0.0621076973901553,804,0.0643045669039431,802,0.06470873003066,813,0.0646212542723154,—,,—,,—,,—,,—,,—,,—,,—,,—,,—,,—,,—,,—,
  Devices and Consumer,,—,,—,,—,,—,,—,,—,,—,,3249,0.241525423728814,3293,0.224701467076083,8658,0.430168430466537,—,,—,,—,,—,,—,,—,,—,,—,,—,,—,
    Other,,—,,—,,—,,—,,—,,—,,—,,742,0.0551590841510556,738,0.0503582395087001,738,0.0366671635117007,—,,—,,—,,—,,—,,—,,—,,—,,—,,—,
    Hardware,,—,,—,,—,,—,,—,,—,,—,,1641,0.121989295272079,1689,0.11525076765609,7052,0.350375118000696,—,,—,,—,,—,,—,,—,,—,,—,,—,,—,
      Phone Hardware,,—,,—,,—,,—,,—,,—,,—,,0,,1689,0.11525076765609,1698,0.0843642867789536,—,,—,,—,,—,,—,,—,,—,,—,,—,,—,
      Computing and Gaming Hardware,,—,,—,,—,,—,,—,,—,,—,,1641,0.121989295272079,0,,5354,0.266010831221742,—,,—,,—,,—,,—,,—,,—,,—,,—,,—,
    Licensing,,—,,—,,—,,—,,—,,—,,—,,866,0.0643770443056794,866,0.0590924599112931,868,0.0431261489541412,—,,—,,—,,—,,—,,—,,—,,—,,—,,—,
Changes in Deferred Revenue,,—,,10902,1.0,12646,1.0,15297,1.0,14284,1.0,14830,1.0,17120,1.0,—,,25158,1.0,25158,1.0,25318,1.0,33909,1.0,44479,1.0,32720,1.0,37206,1.0,39180,1.0,44141,1.0,48408,1.0,53813,1.0,60184,1.0
  Productivity & Business Processes,,—,,—,,—,,—,,—,,—,,—,,—,,—,,—,,11643,0.461382999801862,12482,0.458897058823529,14291,0.45841218925421,14864,0.454278728606357,16831,0.45237327312799,18643,0.475829504849413,22120,0.501121406402211,24558,0.507312840852752,27572,0.512366900191404,30879,0.513076565200053
  Intelligent Cloud,,—,,—,,—,,—,,—,,—,,—,,—,,—,,—,,10346,0.40998613037448,11472,0.421764705882353,13464,0.431884522854852,14706,0.449449877750611,16988,0.456593022630758,16620,0.424196018376723,17710,0.401214290568859,19371,0.400161130391671,21563,0.400702432497724,23117,0.384105410075768
  More Personal Computing,,—,,—,,—,,—,,—,,—,,—,,—,,—,,—,,3246,0.128630869823658,3246,0.119338235294118,3420,0.109703287890938,3150,0.0962713936430318,3387,0.0910337042412514,3917,0.0999744767738642,4311,0.09766430302893,4479,0.0925260287555776,4678,0.0869306673108728,6188,0.102818024724179
  Corporate and Other,,—,,—,,—,,—,,—,,—,,—,,—,,2125,,2125,,83,,6709,,13304,,—,,—,,—,,—,,—,,—,,—,
  Unallocated and Other,,—,,651,,348,,451,,699,,843,,836,,—,,—,,—,,—,,—,,—,,—,,—,,—,,—,,—,,—,,—,
  Commercial,,—,,—,,—,,—,,—,,—,,—,,—,,23033,1.0,23033,1.0,—,,—,,—,,—,,—,,—,,—,,—,,—,,—,
    Other,,—,,—,,—,,—,,—,,—,,—,,—,,3934,0.17079841965875,3934,0.17079841965875,—,,—,,—,,—,,—,,—,,—,,—,,—,,—,
    Licensing,,—,,—,,—,,—,,—,,—,,—,,—,,19099,0.82920158034125,19099,0.82920158034125,—,,—,,—,,—,,—,,—,,—,,—,,—,,—,
  Windows & Windows Live Division,,—,,2850,0.278021656423764,2875,0.23377785005692,2738,0.18442678162468,2345,0.172616856827383,1701,0.12161292628869699,1782,0.109432571849668,—,,—,,—,,—,,—,,—,,—,,—,,—,,—,,—,,—,,—,
  Server and Tools,,—,,3792,0.369915130231197,3652,0.29695885509839,5007,0.337262562306345,4732,0.348325358851675,5282,0.377636376635447,6552,0.402358142962417,—,,—,,—,,—,,—,,—,,—,,—,,—,,—,,—,,—,,—,
  Microsoft Business Division,,—,,3609,0.352063213345039,5771,0.46926329484469,7101,0.478310656068975,6508,0.479057784320942,7004,0.500750697075856,7950,0.488209285187914,—,,—,,—,,—,,—,,—,,—,,—,,—,,—,,—,,—,,—,
Number of Units Sold,,—,,5000000,1.0,6600000,1.0,8700000,1.0,11200000,1.0,10300000,1.0,13700000,1.0,13000000,1.0,9800000,1.0,11700000,1.0,—,,—,,—,,—,,—,,—,,—,,—,,—,,—,
  Xbox,,—,,5000000,1.0,6600000,1.0,8700000,1.0,11200000,1.0,10300000,1.0,13700000,1.0,13000000,1.0,9800000,1.0,11700000,1.0,—,,—,,—,,—,,—,,—,,—,,—,,—,,—,
Total Performance Obligation,,—,,—,,—,,—,,—,,—,,—,,—,,—,,—,,—,,—,,—,,—,,87000,1.0,107000,1.0,141000,1.0,—,,224000,1.0,269000,1.0
  Commercial,,—,,—,,—,,—,,—,,—,,—,,—,,—,,—,,—,,—,,—,,—,,87000,1.0,107000,1.0,141000,1.0,—,,224000,1.0,269000,1.0
Number of Subscribers (end of period),,—,,—,,—,,—,,—,,—,,—,,—,,—,,—,,15000,1.0,27000,1.0,27000,1.0,—,,34800,1.0,42700,1.0,51900,1.0,59700,1.0,—,,82500,1.0
  Productivity & Business Processes,,—,,—,,—,,—,,—,,—,,—,,—,,—,,—,,15000,1.0,27000,1.0,27000,1.0,—,,34800,1.0,42700,1.0,51900,1.0,59700,1.0,—,,82500,1.0
    Office Consumer Products and Cloud Services,,—,,—,,—,,—,,—,,—,,—,,—,,—,,—,,15000,1.0,27000,1.0,27000,1.0,—,,—,,—,,—,,—,,—,,—,
Number of Subscribers (end of period) - Supplementary Breakdown,,—,,—,,—,,—,,—,,—,,—,,—,,—,,—,,—,,—,,—,,—,,34800,1.0,42700,1.0,51900,1.0,59700,1.0,—,,82500,1.0
  Office Products & Cloud Services,,—,,—,,—,,—,,—,,—,,—,,—,,—,,—,,—,,—,,—,,—,,34800,1.0,42700,1.0,51900,1.0,59700,1.0,—,,82500,1.0
    Office Consumer Products & Cloud Services,,—,,—,,—,,—,,—,,—,,—,,—,,—,,—,,—,,—,,—,,—,,34800,1.0,42700,1.0,51900,1.0,59700,1.0,—,,82500,1.0
Unearned Revenue Balance,,—,,—,,—,,—,,—,,—,,—,,—,,—,,—,,—,,—,,—,,—,,—,,—,,—,,—,,—,,—,
  Productivity & Business Processes,,—,,—,,—,,—,,—,,—,,—,,—,,—,,—,,—,,12482,,14291,,14864,,16831,,18643,,22120,,24558,,27572,,30879,
  Intelligent Cloud,,—,,—,,—,,—,,—,,—,,—,,—,,—,,—,,—,,11472,,13464,,14706,,16988,,16620,,17710,,19371,,21563,,23117,
  More Personal Computing,,—,,—,,—,,—,,—,,—,,—,,—,,—,,—,,—,,3246,,3420,,3150,,3387,,3917,,4311,,4479,,4678,,6188,
  Corporate and Other,,—,,—,,—,,—,,—,,—,,—,,—,,1667,,2125,,2005,,6709,,13304,,—,,—,,—,,—,,—,,—,,—,
  Unallocated and Other,,—,,348,,348,,451,,699,,843,,—,,1155,,—,,—,,—,,—,,—,,—,,—,,—,,—,,—,,—,,—,
  Commercial,,—,,—,,—,,—,,—,,—,,—,,—,,22399,,—,,—,,—,,—,,—,,—,,—,,—,,—,,—,,—,
    Other,,—,,—,,—,,—,,—,,—,,—,,—,,2272,,—,,—,,—,,—,,—,,—,,—,,—,,—,,—,,—,
    Licensing,,—,,—,,—,,—,,—,,—,,—,,—,,18460,,—,,—,,—,,—,,—,,—,,—,,—,,—,,—,,—,
  Windows & Windows Live Division,,—,,2875,,2875,,2738,,2345,,1701,,—,,2444,,—,,—,,—,,—,,—,,—,,—,,—,,—,,—,,—,,—,
  Server and Tools,,—,,3652,,3652,,5007,,4732,,5282,,—,,7445,,—,,—,,—,,—,,—,,—,,—,,—,,—,,—,,—,,—,
  Microsoft Business Division,,—,,5771,,5771,,7101,,6508,,7004,,—,,9015,,—,,—,,—,,—,,—,,—,,—,,—,,—,,—,,—,,—,
Monthly Active Users (MAUs),,—,,—,,—,,—,,—,,—,,—,,—,,—,,—,,—,,—,,—,,—,,65,1.0,—,,—,,—,,—,,—,
  More Personal Computing,,—,,—,,—,,—,,—,,—,,—,,—,,—,,—,,—,,—,,—,,—,,65,1.0,—,,—,,—,,—,,—,
    Gaming,,—,,—,,—,,—,,—,,—,,—,,—,,—,,—,,—,,—,,—,,—,,65,1.0,—,,—,,—,,—,,—,
      Xbox Live,,—,,—,,—,,—,,—,,—,,—,,—,,—,,—,,—,,—,,—,,—,,65,1.0,—,,—,,—,,—,,—,
Source: Bloomberg,,,,,,,,,,,,,,,,,,,,,,,,,,,,,,,,,,,,,,,,,
