Unnamed: 0,Unnamed: 1,Unnamed: 2,Unnamed: 3,Unnamed: 4,Unnamed: 5,Unnamed: 6,Unnamed: 7,Unnamed: 8,Unnamed: 9,Unnamed: 10,Unnamed: 11,Unnamed: 12,Unnamed: 13,Unnamed: 14,Unnamed: 15,Unnamed: 16,Unnamed: 17,Unnamed: 18,Unnamed: 19,Unnamed: 20,Unnamed: 21,Unnamed: 22,Unnamed: 23,Unnamed: 24,Unnamed: 25,Unnamed: 26,Unnamed: 27,Unnamed: 28,Unnamed: 29,Unnamed: 30,Unnamed: 31,Unnamed: 32,Unnamed: 33,Unnamed: 34,Unnamed: 35,Unnamed: 36,Unnamed: 37,Unnamed: 38,Unnamed: 39,Unnamed: 40,Unnamed: 41,Unnamed: 42,Unnamed: 43,Unnamed: 44,Unnamed: 45,Unnamed: 46,Unnamed: 47,Unnamed: 48,Unnamed: 49,Unnamed: 50,Unnamed: 51,Unnamed: 52,Unnamed: 53,Unnamed: 54,Unnamed: 55,Unnamed: 56,Unnamed: 57,Unnamed: 58,Unnamed: 59,Unnamed: 60,Unnamed: 61,Unnamed: 62,Unnamed: 63,Unnamed: 64,Unnamed: 65,Unnamed: 66,Unnamed: 67,Unnamed: 68,Unnamed: 69,Unnamed: 70,Unnamed: 71,Unnamed: 72,Unnamed: 73,Unnamed: 74,Unnamed: 75,Unnamed: 76,Unnamed: 77,Unnamed: 78,Unnamed: 79,Unnamed: 80,Unnamed: 81
American Tower Corp (AMT US) - By Measure,,,,,,,,,,,,,,,,,,,,,,,,,,,,,,,,,,,,,,,,,,,,,,,,,,,,,,,,,,,,,,,,,,,,,,,,,,,,,,,,,
,,,,,,,,,,,,,,,,,,,,,,,,,,,,,,,,,,,,,,,,,,,,,,,,,,,,,,,,,,,,,,,,,,,,,,,,,,,,,,,,,
date,,Q3 2014,,Q4 2014,,Q1 2015,,Q2 2015,,Q3 2015,,Q4 2015,,Q1 2016,,Q2 2016,,Q3 2016,,Q4 2016,,Q1 2017,,Q2 2017,,Q3 2017,,Q4 2017,,Q1 2018,,Q2 2018,,Q3 2018,,Q4 2018,,Q1 2019,,Q2 2019,,Q3 2019,,Q4 2019,,Q1 2020,,Q2 2020,,Q3 2020,,Q4 2020,,Q1 2021,,Q2 2021,,Q3 2021,,Q4 2021,,Q1 2022,,Q2 2022,,Q3 2022,,Q4 2022,,Q1 2023,,Q2 2023,,Q3 2023,,Q4 2023,,Q1 2024,,Q2 2024,
date,,09/30/2014,,12/31/2014,,03/31/2015,,06/30/2015,,09/30/2015,,12/31/2015,,03/31/2016,,06/30/2016,,09/30/2016,,12/31/2016,,03/31/2017,,06/30/2017,,09/30/2017,,12/31/2017,,03/31/2018,,06/30/2018,,09/30/2018,,12/31/2018,,03/31/2019,,06/30/2019,,09/30/2019,,12/31/2019,,03/31/2020,,06/30/2020,,09/30/2020,,12/31/2020,,03/31/2021,,06/30/2021,,09/30/2021,,12/31/2021,,03/31/2022,,06/30/2022,,09/30/2022,,12/31/2022,,03/31/2023,,06/30/2023,,09/30/2023,,12/31/2023,,03/31/2024,,06/30/2024,
Revenue,,1038.188,1.0,1046.314,1.0,1079.19,1.0,1174.375,1.0,1237.91,1.0,1280041,1.0,1289.047,1.0,1442.227,1.0,1514.845,1.0,1539.6,1.0,1616.2,1.0,1662.434,1.0,1680.766,1.0,1704.5,1.0,1741.8,1.0,1780.9,1.0,1785.5,1.0,2131.9,1.0,1813.4,1.0,1889.6,1.0,1953.6,1.0,1923.7,1.0,1993.1,1.0,1913,1.0,2012.9,1.0,—,,2158.5,1.0,2298.9,1.0,2454.3,1.0,—,,2660.3,1.0,2674.3,1.0,2671.5,1.0,—,,2767.2,1.0,2771.7,1.0,2818.6,1.0,—,,2834.1,1.0,—,
  REIT,,—,,1046.314,1.0,1079.19,1.0,1174.375,1.0,1237.91,1.0,1280041,1.0,1289.047,1.0,1442.227,1.0,1514.845,1.0,1539.6,1.0,1616.2,1.0,1662.434,1.0,1680.766,1.0,1704.5,1.0,1741.8,1.0,1780.9,1.0,1785.5,1.0,2131.9,1.0,1813.4,1.0,1889.6,1.0,1953.6,1.0,1923.7,1.0,1993.1,1.0,1913,1.0,2012.9,1.0,—,,2158.5,1.0,2298.9,1.0,2454.3,1.0,—,,2660.3,1.0,2674.3,1.0,2671.5,1.0,—,,2767.2,1.0,2771.7,1.0,2818.6,1.0,—,,2834.1,1.0,—,
  Rental and Management,,1011.119,0.973926687651947,—,,—,,—,,—,,—,,—,,—,,—,,—,,—,,—,,—,,—,,—,,—,,—,,—,,—,,—,,—,,—,,—,,—,,—,,—,,—,,—,,—,,—,,—,,—,,—,,—,,—,,—,,—,,—,,—,,—,
    International,,347.549,0.334764994394079,—,,—,,—,,—,,—,,—,,—,,—,,—,,—,,—,,—,,—,,—,,—,,—,,—,,—,,—,,—,,—,,—,,—,,—,,—,,—,,—,,—,,—,,—,,—,,—,,—,,—,,—,,—,,—,,—,,—,
    Domestic,,663.57,0.639161693257869,—,,—,,—,,—,,—,,—,,—,,—,,—,,—,,—,,—,,—,,—,,—,,—,,—,,—,,—,,—,,—,,—,,—,,—,,—,,—,,—,,—,,—,,—,,—,,—,,—,,—,,—,,—,,—,,—,,—,
  Network Development Systems,,27.069,0.0260733123480526,—,,—,,—,,—,,—,,—,,—,,—,,—,,—,,—,,—,,—,,—,,—,,—,,—,,—,,—,,—,,—,,—,,—,,—,,—,,—,,—,,—,,—,,—,,—,,—,,—,,—,,—,,—,,—,,—,,—,
Gross Profit,,757.092,1.0,—,,—,,—,,—,,—,,—,,—,,—,,—,,—,,—,,—,,—,,—,,—,,—,,—,,—,,—,,—,,—,,—,,—,,—,,—,,—,,—,,—,,—,,—,,—,,—,,—,,—,,—,,—,,—,,—,,—,
  Rental and Management,,741.769,0.979760716002811,—,,—,,—,,—,,—,,—,,—,,—,,—,,—,,—,,—,,—,,—,,—,,—,,—,,—,,—,,—,,—,,—,,—,,—,,—,,—,,—,,—,,—,,—,,—,,—,,—,,—,,—,,—,,—,,—,,—,
    International,,212.15,0.280216935326222,—,,—,,—,,—,,—,,—,,—,,—,,—,,—,,—,,—,,—,,—,,—,,—,,—,,—,,—,,—,,—,,—,,—,,—,,—,,—,,—,,—,,—,,—,,—,,—,,—,,—,,—,,—,,—,,—,,—,
    Domestic,,529.619,0.699543780676589,—,,—,,—,,—,,—,,—,,—,,—,,—,,—,,—,,—,,—,,—,,—,,—,,—,,—,,—,,—,,—,,—,,—,,—,,—,,—,,—,,—,,—,,—,,—,,—,,—,,—,,—,,—,,—,,—,,—,
  Network Development Systems,,15.323,0.0202392839971892,—,,—,,—,,—,,—,,—,,—,,—,,—,,—,,—,,—,,—,,—,,—,,—,,—,,—,,—,,—,,—,,—,,—,,—,,—,,—,,—,,—,,—,,—,,—,,—,,—,,—,,—,,—,,—,,—,,—,
Gross Margin,,—,,—,,—,,—,,—,,—,,—,,—,,—,,—,,—,,—,,—,,—,,—,,—,,—,,—,,—,,—,,—,,—,,—,,—,,—,,—,,—,,—,,—,,—,,—,,—,,—,,—,,—,,—,,—,,—,,—,,—,
  Rental and Management,,73.4,,—,,—,,—,,—,,—,,—,,—,,—,,—,,—,,—,,—,,—,,—,,—,,—,,—,,—,,—,,—,,—,,—,,—,,—,,—,,—,,—,,—,,—,,—,,—,,—,,—,,—,,—,,—,,—,,—,,—,
    International,,61,,—,,—,,—,,—,,—,,—,,—,,—,,—,,—,,—,,—,,—,,—,,—,,—,,—,,—,,—,,—,,—,,—,,—,,—,,—,,—,,—,,—,,—,,—,,—,,—,,—,,—,,—,,—,,—,,—,,—,
    Domestic,,80,,—,,—,,—,,—,,—,,—,,—,,—,,—,,—,,—,,—,,—,,—,,—,,—,,—,,—,,—,,—,,—,,—,,—,,—,,—,,—,,—,,—,,—,,—,,—,,—,,—,,—,,—,,—,,—,,—,,—,
  Network Development Systems,,57,,—,,—,,—,,—,,—,,—,,—,,—,,—,,—,,—,,—,,—,,—,,—,,—,,—,,—,,—,,—,,—,,—,,—,,—,,—,,—,,—,,—,,—,,—,,—,,—,,—,,—,,—,,—,,—,,—,,—,
Gross Profit Growth,,—,,—,,—,,—,,—,,—,,—,,—,,—,,—,,—,,—,,—,,—,,—,,—,,—,,—,,—,,—,,—,,—,,—,,—,,—,,—,,—,,—,,—,,—,,—,,—,,—,,—,,—,,—,,—,,—,,—,,—,
  Rental and Management,,23,,—,,—,,—,,—,,—,,—,,—,,—,,—,,—,,—,,—,,—,,—,,—,,—,,—,,—,,—,,—,,—,,—,,—,,—,,—,,—,,—,,—,,—,,—,,—,,—,,—,,—,,—,,—,,—,,—,,—,
    International,,25,,—,,—,,—,,—,,—,,—,,—,,—,,—,,—,,—,,—,,—,,—,,—,,—,,—,,—,,—,,—,,—,,—,,—,,—,,—,,—,,—,,—,,—,,—,,—,,—,,—,,—,,—,,—,,—,,—,,—,
    Domestic,,22,,—,,—,,—,,—,,—,,—,,—,,—,,—,,—,,—,,—,,—,,—,,—,,—,,—,,—,,—,,—,,—,,—,,—,,—,,—,,—,,—,,—,,—,,—,,—,,—,,—,,—,,—,,—,,—,,—,,—,
  Network Development Systems,,135,,—,,—,,—,,—,,—,,—,,—,,—,,—,,—,,—,,—,,—,,—,,—,,—,,—,,—,,—,,—,,—,,—,,—,,—,,—,,—,,—,,—,,—,,—,,—,,—,,—,,—,,—,,—,,—,,—,,—,
Operating Income,,384.807,1.0,345.979,1.0,419.966,1.0,389.774,1.0,400.925,1.0,402124,1.0,451.853,1.0,432.806,1.0,479.074,1.0,489.3,1.0,531.4,1.0,576.909,1.0,561.151,1.0,329,1.0,402.9,1.0,546,1.0,567.2,1.0,388.9,1.0,614.9,1.0,683.9,1.0,728.3,1.0,661.3,1.0,736.8,1.0,691.3,1.0,785.1,1.0,—,,828.7,1.0,849.2,1.0,827.5,1.0,—,,725.1,1.0,782.3,1.0,652.9,1.0,—,,775.6,1.0,873.7,1.0,658.7,1.0,—,,1236.6,1.0,—,
  REIT,,—,,345.979,1.0,419.966,1.0,389.774,1.0,400.925,1.0,402124,1.0,451.853,1.0,432.806,1.0,479.074,1.0,489.3,1.0,531.4,1.0,576.909,1.0,561.151,1.0,329,1.0,402.9,1.0,546,1.0,567.2,1.0,388.9,1.0,614.9,1.0,683.9,1.0,728.3,1.0,661.3,1.0,736.8,1.0,691.3,1.0,785.1,1.0,—,,828.7,1.0,849.2,1.0,827.5,1.0,—,,725.1,1.0,782.3,1.0,652.9,1.0,—,,775.6,1.0,873.7,1.0,658.7,1.0,—,,1236.6,1.0,—,
  Adjustment,,-304.869,-0.792264693729584,—,,—,,—,,—,,—,,—,,—,,—,,—,,—,,—,,—,,—,,—,,—,,—,,—,,—,,—,,—,,—,,—,,—,,—,,—,,—,,—,,—,,—,,—,,—,,—,,—,,—,,—,,—,,—,,—,,—,
  Rental and Management,,677.373,1.76029282211602,—,,—,,—,,—,,—,,—,,—,,—,,—,,—,,—,,—,,—,,—,,—,,—,,—,,—,,—,,—,,—,,—,,—,,—,,—,,—,,—,,—,,—,,—,,—,,—,,—,,—,,—,,—,,—,,—,,—,
    International,,178.709,0.464412029926691,—,,—,,—,,—,,—,,—,,—,,—,,—,,—,,—,,—,,—,,—,,—,,—,,—,,—,,—,,—,,—,,—,,—,,—,,—,,—,,—,,—,,—,,—,,—,,—,,—,,—,,—,,—,,—,,—,,—,
    Domestic,,498.664,1.29588079218933,—,,—,,—,,—,,—,,—,,—,,—,,—,,—,,—,,—,,—,,—,,—,,—,,—,,—,,—,,—,,—,,—,,—,,—,,—,,—,,—,,—,,—,,—,,—,,—,,—,,—,,—,,—,,—,,—,,—,
  Network Development Systems,,12.303,0.0319718716135621,—,,—,,—,,—,,—,,—,,—,,—,,—,,—,,—,,—,,—,,—,,—,,—,,—,,—,,—,,—,,—,,—,,—,,—,,—,,—,,—,,—,,—,,—,,—,,—,,—,,—,,—,,—,,—,,—,,—,
Interest Expense,,—,,147.481,1.0,147.934,1.0,148.507,1.0,149.787,1.0,149721,1.0,159.88,1.0,181.036,1.0,190.16,1.0,186,1.0,183.7,1.0,187.028,1.0,188.784,1.0,190.1,1.0,199.6,1.0,211.3,1.0,209.2,1.0,208.8,1.0,207.5,1.0,204.5,1.0,201.3,1.0,200.9,1.0,208.8,1.0,197.7,1.0,190.9,1.0,—,,207,1.0,213.7,1.0,226.1,1.0,—,,262.4,1.0,276.6,1.0,294,1.0,—,,340.2,1.0,348.1,1.0,359.2,1.0,—,,366.7,1.0,—,
  REIT,,—,,147.481,1.0,147.934,1.0,148.507,1.0,149.787,1.0,149721,1.0,159.88,1.0,181.036,1.0,190.16,1.0,186,1.0,183.7,1.0,187.028,1.0,188.784,1.0,190.1,1.0,199.6,1.0,211.3,1.0,209.2,1.0,208.8,1.0,207.5,1.0,204.5,1.0,201.3,1.0,200.9,1.0,208.8,1.0,197.7,1.0,190.9,1.0,—,,207,1.0,213.7,1.0,226.1,1.0,—,,262.4,1.0,276.6,1.0,294,1.0,—,,340.2,1.0,348.1,1.0,359.2,1.0,—,,366.7,1.0,—,
Interest Income,,2.661,1.0,—,,—,,—,,—,,—,,—,,—,,—,,—,,—,,—,,—,,—,,—,,—,,—,,—,,—,,—,,—,,—,,—,,—,,—,,—,,—,,—,,—,,—,,—,,—,,—,,—,,—,,—,,—,,—,,—,,—,
  Rental and Management,,2.661,1.0,—,,—,,—,,—,,—,,—,,—,,—,,—,,—,,—,,—,,—,,—,,—,,—,,—,,—,,—,,—,,—,,—,,—,,—,,—,,—,,—,,—,,—,,—,,—,,—,,—,,—,,—,,—,,—,,—,,—,
    International,,2.661,1.0,—,,—,,—,,—,,—,,—,,—,,—,,—,,—,,—,,—,,—,,—,,—,,—,,—,,—,,—,,—,,—,,—,,—,,—,,—,,—,,—,,—,,—,,—,,—,,—,,—,,—,,—,,—,,—,,—,,—,
    Domestic,,0,,—,,—,,—,,—,,—,,—,,—,,—,,—,,—,,—,,—,,—,,—,,—,,—,,—,,—,,—,,—,,—,,—,,—,,—,,—,,—,,—,,—,,—,,—,,—,,—,,—,,—,,—,,—,,—,,—,,—,
  Network Development Systems,,0,,—,,—,,—,,—,,—,,—,,—,,—,,—,,—,,—,,—,,—,,—,,—,,—,,—,,—,,—,,—,,—,,—,,—,,—,,—,,—,,—,,—,,—,,—,,—,,—,,—,,—,,—,,—,,—,,—,,—,
Operating Margin,,—,,—,,—,,—,,—,,—,,—,,—,,—,,—,,—,,—,,—,,—,,—,,—,,—,,—,,—,,—,,—,,—,,—,,—,,—,,—,,—,,—,,—,,—,,—,,—,,—,,—,,—,,—,,—,,—,,—,,—,
  Rental and Management,,67,,—,,—,,—,,—,,—,,—,,—,,—,,—,,—,,—,,—,,—,,—,,—,,—,,—,,—,,—,,—,,—,,—,,—,,—,,—,,—,,—,,—,,—,,—,,—,,—,,—,,—,,—,,—,,—,,—,,—,
    International,,51,,—,,—,,—,,—,,—,,—,,—,,—,,—,,—,,—,,—,,—,,—,,—,,—,,—,,—,,—,,—,,—,,—,,—,,—,,—,,—,,—,,—,,—,,—,,—,,—,,—,,—,,—,,—,,—,,—,,—,
    Domestic,,75,,—,,—,,—,,—,,—,,—,,—,,—,,—,,—,,—,,—,,—,,—,,—,,—,,—,,—,,—,,—,,—,,—,,—,,—,,—,,—,,—,,—,,—,,—,,—,,—,,—,,—,,—,,—,,—,,—,,—,
  Network Development Systems,,45,,—,,—,,—,,—,,—,,—,,—,,—,,—,,—,,—,,—,,—,,—,,—,,—,,—,,—,,—,,—,,—,,—,,—,,—,,—,,—,,—,,—,,—,,—,,—,,—,,—,,—,,—,,—,,—,,—,,—,
Operating Income Growth %,,—,,—,,—,,—,,—,,—,,—,,—,,—,,—,,—,,—,,—,,—,,—,,—,,—,,—,,—,,—,,—,,—,,—,,—,,—,,—,,—,,—,,—,,—,,—,,—,,—,,—,,—,,—,,—,,—,,—,,—,
  Rental and Management,,24,,—,,—,,—,,—,,—,,—,,—,,—,,—,,—,,—,,—,,—,,—,,—,,—,,—,,—,,—,,—,,—,,—,,—,,—,,—,,—,,—,,—,,—,,—,,—,,—,,—,,—,,—,,—,,—,,—,,—,
    International,,30,,—,,—,,—,,—,,—,,—,,—,,—,,—,,—,,—,,—,,—,,—,,—,,—,,—,,—,,—,,—,,—,,—,,—,,—,,—,,—,,—,,—,,—,,—,,—,,—,,—,,—,,—,,—,,—,,—,,—,
    Domestic,,22,,—,,—,,—,,—,,—,,—,,—,,—,,—,,—,,—,,—,,—,,—,,—,,—,,—,,—,,—,,—,,—,,—,,—,,—,,—,,—,,—,,—,,—,,—,,—,,—,,—,,—,,—,,—,,—,,—,,—,
  Network Development Systems,,165,,—,,—,,—,,—,,—,,—,,—,,—,,—,,—,,—,,—,,—,,—,,—,,—,,—,,—,,—,,—,,—,,—,,—,,—,,—,,—,,—,,—,,—,,—,,—,,—,,—,,—,,—,,—,,—,,—,,—,
Pretax Income,,—,,194.225,1.0,219.364,1.0,171.136,1.0,191.975,1.0,247487,1.0,310.431,1.0,235.974,1.0,285.772,1.0,293.7,1.0,334.2,1.0,412.47,1.0,368.096,1.0,141.4,1.0,249.2,1.0,318.3,1.0,389.8,1.0,197.3,1.0,441.6,1.0,463.9,1.0,542,1.0,468.9,1.0,439.7,1.0,459.5,1.0,502.2,1.0,—,,702.6,1.0,820.7,1.0,777.6,1.0,—,,725.2,1.0,898.3,1.0,855.8,1.0,—,,368.4,1.0,474.7,1.0,643,1.0,—,,1030.9,1.0,—,
  REIT,,—,,194.225,1.0,219.364,1.0,171.136,1.0,191.975,1.0,247487,1.0,310.431,1.0,235.974,1.0,285.772,1.0,293.7,1.0,334.2,1.0,412.47,1.0,368.096,1.0,141.4,1.0,249.2,1.0,318.3,1.0,389.8,1.0,197.3,1.0,441.6,1.0,463.9,1.0,542,1.0,468.9,1.0,439.7,1.0,459.5,1.0,502.2,1.0,—,,702.6,1.0,820.7,1.0,777.6,1.0,—,,725.2,1.0,898.3,1.0,855.8,1.0,—,,368.4,1.0,474.7,1.0,643,1.0,—,,1030.9,1.0,—,
Income Taxes,,—,,12.628,1.0,23.872,1.0,13.956,1.0,94.235,1.0,25892,1.0,29.124,1.0,43.51,1.0,22.037,1.0,60.8,1.0,26.8,1.0,23.98,1.0,33.412,1.0,-53.4,,-31.1,,3.9,1.0,12.5,1.0,-95.4,,34,1.0,29.6,1.0,36.7,1.0,-100.5,,21.1,1.0,11.1,1.0,39.3,1.0,—,,50.3,1.0,72.8,1.0,51.4,1.0,—,,22.5,1.0,7.4,1.0,36.1,1.0,—,,53.4,1.0,13.2,1.0,65.7,1.0,—,,109.2,1.0,—,
  REIT,,—,,12.628,1.0,23.872,1.0,13.956,1.0,94.235,1.0,25892,1.0,29.124,1.0,43.51,1.0,22.037,1.0,60.8,1.0,26.8,1.0,23.98,1.0,33.412,1.0,-53.4,1.0,-31.1,1.0,3.9,1.0,12.5,1.0,-95.4,1.0,34,1.0,29.6,1.0,36.7,1.0,-100.5,1.0,21.1,1.0,11.1,1.0,39.3,1.0,—,,50.3,1.0,72.8,1.0,51.4,1.0,—,,22.5,1.0,7.4,1.0,36.1,1.0,—,,53.4,1.0,13.2,1.0,65.7,1.0,—,,109.2,1.0,—,
Net Income,,—,,180.387,1.0,193.317,1.0,156.056,1.0,102.999,1.0,232702,1.0,275.159,1.0,187.55,1.0,264.509,1.0,229.2,1.0,316.1,1.0,367.051,1.0,317.268,1.0,238.5,1.0,285.2,1.0,306.7,1.0,366.9,1.0,277.6,1.0,397.4,1.0,429.1,1.0,498.6,1.0,562.7,1.0,415,1.0,446.1,1.0,464.4,1.0,—,,645,1.0,746.3,1.0,723,1.0,—,,711.7,1.0,898.2,1.0,839.7,1.0,—,,335.8,1.0,475.7,1.0,586.9,1.0,—,,917.4,1.0,—,
  REIT,,—,,180.387,1.0,193.317,1.0,156.056,1.0,102.999,1.0,232702,1.0,275.159,1.0,187.55,1.0,264.509,1.0,229.2,1.0,316.1,1.0,367.051,1.0,317.268,1.0,238.5,1.0,285.2,1.0,306.7,1.0,366.9,1.0,277.6,1.0,397.4,1.0,429.1,1.0,498.6,1.0,562.7,1.0,415,1.0,446.1,1.0,464.4,1.0,—,,645,1.0,746.3,1.0,723,1.0,—,,711.7,1.0,898.2,1.0,839.7,1.0,—,,335.8,1.0,475.7,1.0,586.9,1.0,—,,917.4,1.0,—,
Revenue Growth %,,—,,—,,—,,—,,—,,—,,—,,—,,—,,—,,—,,—,,—,,—,,—,,—,,—,,—,,—,,—,,—,,—,,—,,—,,—,,—,,—,,—,,—,,—,,—,,—,,—,,—,,—,,—,,—,,—,,—,,—,
  Rental and Management,,27,,—,,—,,—,,—,,—,,—,,—,,—,,—,,—,,—,,—,,—,,—,,—,,—,,—,,—,,—,,—,,—,,—,,—,,—,,—,,—,,—,,—,,—,,—,,—,,—,,—,,—,,—,,—,,—,,—,,—,
    International,,30,,—,,—,,—,,—,,—,,—,,—,,—,,—,,—,,—,,—,,—,,—,,—,,—,,—,,—,,—,,—,,—,,—,,—,,—,,—,,—,,—,,—,,—,,—,,—,,—,,—,,—,,—,,—,,—,,—,,—,
    Domestic,,25,,—,,—,,—,,—,,—,,—,,—,,—,,—,,—,,—,,—,,—,,—,,—,,—,,—,,—,,—,,—,,—,,—,,—,,—,,—,,—,,—,,—,,—,,—,,—,,—,,—,,—,,—,,—,,—,,—,,—,
  Network Development Systems,,139,,—,,—,,—,,—,,—,,—,,—,,—,,—,,—,,—,,—,,—,,—,,—,,—,,—,,—,,—,,—,,—,,—,,—,,—,,—,,—,,—,,—,,—,,—,,—,,—,,—,,—,,—,,—,,—,,—,,—,
Total Operating Expense,,283.757,1.0,—,,—,,—,,—,,—,,—,,—,,—,,—,,—,,—,,—,,—,,—,,—,,—,,—,,—,,—,,—,,—,,—,,—,,—,,—,,—,,—,,—,,—,,—,,—,,—,,—,,—,,—,,—,,—,,—,,—,
  Rental and Management,,272.011,0.958605426474061,—,,—,,—,,—,,—,,—,,—,,—,,—,,—,,—,,—,,—,,—,,—,,—,,—,,—,,—,,—,,—,,—,,—,,—,,—,,—,,—,,—,,—,,—,,—,,—,,—,,—,,—,,—,,—,,—,,—,
    International,,138.06,0.486543063254827,—,,—,,—,,—,,—,,—,,—,,—,,—,,—,,—,,—,,—,,—,,—,,—,,—,,—,,—,,—,,—,,—,,—,,—,,—,,—,,—,,—,,—,,—,,—,,—,,—,,—,,—,,—,,—,,—,,—,
    Domestic,,133.951,0.472062363219233,—,,—,,—,,—,,—,,—,,—,,—,,—,,—,,—,,—,,—,,—,,—,,—,,—,,—,,—,,—,,—,,—,,—,,—,,—,,—,,—,,—,,—,,—,,—,,—,,—,,—,,—,,—,,—,,—,,—,
  Network Development Systems,,11.746,0.0413945735259395,—,,—,,—,,—,,—,,—,,—,,—,,—,,—,,—,,—,,—,,—,,—,,—,,—,,—,,—,,—,,—,,—,,—,,—,,—,,—,,—,,—,,—,,—,,—,,—,,—,,—,,—,,—,,—,,—,,—,
Property/Plant/Equipment,,—,,7590.112,1.0,9422.641,1.0,9586.4,1.0,9806.19,1.0,9866424,1.0,9917.985,1.0,10575.425,1.0,10452.038,1.0,10517.3,1.0,10717.16,1.0,10725.707,1.0,10795.057,1.0,11101,1.0,11294.8,1.0,11067,1.0,10996.3,1.0,11247.1,1.0,18283.5,1.0,18378.6,1.0,18497.9,1.0,19441.8,1.0,18419.6,1.0,18479.8,1.0,18895.6,1.0,—,,20432.4,1.0,23409.7,1.0,23290,1.0,—,,29183.5,1.0,28875.2,1.0,28260.1,1.0,—,,28795.7,1.0,28740.5,1.0,28413.1,1.0,—,,29294,1.0,—,
  REIT,,—,,7590.112,1.0,9422.641,1.0,9586.4,1.0,9806.19,1.0,9866424,1.0,9917.985,1.0,10575.425,1.0,10452.038,1.0,10517.3,1.0,10717.16,1.0,10725.707,1.0,10795.057,1.0,11101,1.0,11294.8,1.0,11067,1.0,10996.3,1.0,11247.1,1.0,18283.5,1.0,18378.6,1.0,18497.9,1.0,19441.8,1.0,18419.6,1.0,18479.8,1.0,18895.6,1.0,—,,20432.4,1.0,23409.7,1.0,23290,1.0,—,,29183.5,1.0,28875.2,1.0,28260.1,1.0,—,,28795.7,1.0,28740.5,1.0,28413.1,1.0,—,,29294,1.0,—,
Goodwill,,3866.55,1.0,4032.174,1.0,3980.174,1.0,4036.642,1.0,4055.171,1.0,4091805,1.0,4123.401,1.0,4981.919,1.0,4997.224,1.0,5070.7,1.0,5379.83,1.0,5371.165,1.0,5371.679,1.0,5638.4,1.0,5647.1,1.0,5526.6,1.0,5463.4,1.0,5501.9,1.0,5538.2,1.0,5557.8,1.0,5481.4,1.0,6178.3,1.0,5948.8,1.0,5822.4,1.0,5848.6,1.0,—,,7262.4,1.0,10575.4,1.0,10480.8,1.0,—,,13306.6,1.0,12969.5,1.0,12686.2,1.0,—,,12997.2,1.0,13050.7,1.0,12569.7,1.0,—,,12556.8,1.0,—,
  REIT,,—,,4032.174,1.0,3980.174,1.0,4036.642,1.0,4055.171,1.0,4091805,1.0,4123.401,1.0,4981.919,1.0,4997.224,1.0,5070.7,1.0,5379.83,1.0,5371.165,1.0,5371.679,1.0,5638.4,1.0,5647.1,1.0,5526.6,1.0,5463.4,1.0,5501.9,1.0,5538.2,1.0,5557.8,1.0,5481.4,1.0,6178.3,1.0,5948.8,1.0,5822.4,1.0,5848.6,1.0,—,,7262.4,1.0,10575.4,1.0,10480.8,1.0,—,,13306.6,1.0,12969.5,1.0,12686.2,1.0,—,,12997.2,1.0,13050.7,1.0,12569.7,1.0,—,,12556.8,1.0,—,
  Rental and Management,,3864.562,0.999485846555715,—,,—,,—,,—,,—,,—,,—,,—,,—,,—,,—,,—,,—,,—,,—,,—,,—,,—,,—,,—,,—,,—,,—,,—,,—,,—,,—,,—,,—,,—,,—,,—,,—,,—,,—,,—,,—,,—,,—,
    International,,534.21,0.138161927299531,—,,—,,—,,—,,—,,—,,—,,—,,—,,—,,—,,—,,—,,—,,—,,—,,—,,—,,—,,—,,—,,—,,—,,—,,—,,—,,—,,—,,—,,—,,—,,—,,—,,—,,—,,—,,—,,—,,—,
    Domestic,,3330.352,0.861323919256184,—,,—,,—,,—,,—,,—,,—,,—,,—,,—,,—,,—,,—,,—,,—,,—,,—,,—,,—,,—,,—,,—,,—,,—,,—,,—,,—,,—,,—,,—,,—,,—,,—,,—,,—,,—,,—,,—,,—,
  Network Development Systems,,1.988,0.000514153444284957,—,,—,,—,,—,,—,,—,,—,,—,,—,,—,,—,,—,,—,,—,,—,,—,,—,,—,,—,,—,,—,,—,,—,,—,,—,,—,,—,,—,,—,,—,,—,,—,,—,,—,,—,,—,,—,,—,,—,
Assets,,20596.615,1.0,21263.565,1.0,25930.194,1.0,26469.725,1.0,26926.788,1.0,26904272,1.0,27064.315,1.0,30740.198,1.0,30655.527,1.0,30879.2,1.0,32057.389,1.0,32138.21,1.0,32319.326,1.0,33214.3,1.0,34372.7,1.0,33205.7,1.0,33077.2,1.0,33010.4,1.0,38926.8,1.0,39072.7,1.0,39307.2,1.0,42801.6,1.0,40789.1,1.0,41515.9,1.0,41462.2,1.0,—,,46942.5,1.0,58982.9,1.0,60530,1.0,—,,69763.5,1.0,68116.8,1.0,66512.8,1.0,—,,66817.7,1.0,66879,1.0,65653,1.0,—,,66679,1.0,—,
  REIT,,—,,21263.565,1.0,25930.194,1.0,26469.725,1.0,26926.788,1.0,26904272,1.0,27064.315,1.0,30740.198,1.0,30655.527,1.0,30879.2,1.0,32057.389,1.0,32138.21,1.0,32319.326,1.0,33214.3,1.0,34372.7,1.0,33205.7,1.0,33077.2,1.0,33010.4,1.0,38926.8,1.0,39072.7,1.0,39307.2,1.0,42801.6,1.0,40789.1,1.0,41515.9,1.0,41462.2,1.0,—,,46942.5,1.0,58982.9,1.0,60530,1.0,—,,69763.5,1.0,68116.8,1.0,66512.8,1.0,—,,66817.7,1.0,66879,1.0,65653,1.0,—,,66679,1.0,—,
  Other,,163.152,0.0079213016313603,—,,—,,—,,—,,—,,—,,—,,—,,—,,—,,—,,—,,—,,—,,—,,—,,—,,—,,—,,—,,—,,—,,—,,—,,—,,—,,—,,—,,—,,—,,—,,—,,—,,—,,—,,—,,—,,—,,—,
  Rental and Management,,20392.56,0.990092789519055,—,,—,,—,,—,,—,,—,,—,,—,,—,,—,,—,,—,,—,,—,,—,,—,,—,,—,,—,,—,,—,,—,,—,,—,,—,,—,,—,,—,,—,,—,,—,,—,,—,,—,,—,,—,,—,,—,,—,
    International,,6190.104,0.30053987026509,—,,—,,—,,—,,—,,—,,—,,—,,—,,—,,—,,—,,—,,—,,—,,—,,—,,—,,—,,—,,—,,—,,—,,—,,—,,—,,—,,—,,—,,—,,—,,—,,—,,—,,—,,—,,—,,—,,—,
    Domestic,,14202.456,0.689552919253965,—,,—,,—,,—,,—,,—,,—,,—,,—,,—,,—,,—,,—,,—,,—,,—,,—,,—,,—,,—,,—,,—,,—,,—,,—,,—,,—,,—,,—,,—,,—,,—,,—,,—,,—,,—,,—,,—,,—,
  Network Development Systems,,40.903,0.00198590884958524,—,,—,,—,,—,,—,,—,,—,,—,,—,,—,,—,,—,,—,,—,,—,,—,,—,,—,,—,,—,,—,,—,,—,,—,,—,,—,,—,,—,,—,,—,,—,,—,,—,,—,,—,,—,,—,,—,,—,
Operating Income Change Amount,,136.865,1.0,—,,—,,—,,—,,—,,—,,—,,—,,—,,—,,—,,—,,—,,—,,—,,—,,—,,—,,—,,—,,—,,—,,—,,—,,—,,—,,—,,—,,—,,—,,—,,—,,—,,—,,—,,—,,—,,—,,—,
  Rental and Management,,129.21,0.944068973075659,—,,—,,—,,—,,—,,—,,—,,—,,—,,—,,—,,—,,—,,—,,—,,—,,—,,—,,—,,—,,—,,—,,—,,—,,—,,—,,—,,—,,—,,—,,—,,—,,—,,—,,—,,—,,—,,—,,—,
    International,,40.732,0.297607131114602,—,,—,,—,,—,,—,,—,,—,,—,,—,,—,,—,,—,,—,,—,,—,,—,,—,,—,,—,,—,,—,,—,,—,,—,,—,,—,,—,,—,,—,,—,,—,,—,,—,,—,,—,,—,,—,,—,,—,
    Domestic,,88.478,0.646461841961056,—,,—,,—,,—,,—,,—,,—,,—,,—,,—,,—,,—,,—,,—,,—,,—,,—,,—,,—,,—,,—,,—,,—,,—,,—,,—,,—,,—,,—,,—,,—,,—,,—,,—,,—,,—,,—,,—,,—,
  Network Development Systems,,7.655,0.0559310269243415,—,,—,,—,,—,,—,,—,,—,,—,,—,,—,,—,,—,,—,,—,,—,,—,,—,,—,,—,,—,,—,,—,,—,,—,,—,,—,,—,,—,,—,,—,,—,,—,,—,,—,,—,,—,,—,,—,,—,
Liabilities,,—,,17210.213,1.0,18498.555,1.0,19096.567,1.0,20242.586,1.0,20191454,1.0,20064.1,1.0,22814.816,1.0,22781.044,1.0,22811.7,1.0,23542.561,1.0,23937.228,1.0,24062.92,1.0,25260,1.0,26366.2,1.0,26069.8,1.0,26193.7,1.0,26106,1.0,32437.5,1.0,32439.4,1.0,32937.3,1.0,36214.7,1.0,36183.1,1.0,36913.3,1.0,36718.2,1.0,—,,42390.7,1.0,51950.1,1.0,50841.6,1.0,—,,60512.8,1.0,57390.6,1.0,54194.2,1.0,—,,54567.4,1.0,54871.8,1.0,54418.5,1.0,—,,56017.3,1.0,—,
  REIT,,—,,17210.213,1.0,18498.555,1.0,19096.567,1.0,20242.586,1.0,20191454,1.0,20064.1,1.0,22814.816,1.0,22781.044,1.0,22811.7,1.0,23542.561,1.0,23937.228,1.0,24062.92,1.0,25260,1.0,26366.2,1.0,26069.8,1.0,26193.7,1.0,26106,1.0,32437.5,1.0,32439.4,1.0,32937.3,1.0,36214.7,1.0,36183.1,1.0,36913.3,1.0,36718.2,1.0,—,,42390.7,1.0,51950.1,1.0,50841.6,1.0,—,,60512.8,1.0,57390.6,1.0,54194.2,1.0,—,,54567.4,1.0,54871.8,1.0,54418.5,1.0,—,,56017.3,1.0,—,
Depreciation and Amortization,,—,,263.546,1.0,263.52,1.0,328.356,1.0,341.096,1.0,352.328,1.0,341.634,1.0,397.765,1.0,397.999,1.0,388.202,1.0,421.1,1.0,396.36,1.0,432.34,1.0,466.1,1.0,446.3,1.0,449.7,1.0,448.9,1.0,765.9,1.0,589.5,1.0,595.1,1.0,584.1,1.0,-136.5,,472.3,1.0,454.9,1.0,473.9,1.0,481.2,1.0,522.5,1.0,554.8,1.0,611.4,1.0,643.9,1.0,815.8,1.0,826.5,1.0,898.1,1.0,814.7,1.0,794.1,1.0,764.6,1.0,762.9,1.0,764.9,1.0,549.4,1.0,561.7,1.0
  REIT,,—,,263.546,1.0,263.52,1.0,328.356,1.0,341.096,1.0,352.328,1.0,341.634,1.0,397.765,1.0,397.999,1.0,388.202,1.0,421.1,1.0,396.36,1.0,432.34,1.0,466.1,1.0,446.3,1.0,449.7,1.0,448.9,1.0,765.9,1.0,589.5,1.0,595.1,1.0,584.1,1.0,-136.5,1.0,472.3,1.0,454.9,1.0,473.9,1.0,481.2,1.0,522.5,1.0,554.8,1.0,611.4,1.0,643.9,1.0,815.8,1.0,826.5,1.0,898.1,1.0,814.7,1.0,794.1,1.0,764.6,1.0,762.9,1.0,764.9,1.0,549.4,1.0,561.7,1.0
Depreciation,,—,,263.546,1.0,263.52,1.0,328.356,1.0,341.096,1.0,352356,1.0,341.634,1.0,397.765,1.0,397.999,1.0,388.2,1.0,421.1,1.0,396.355,1.0,432.354,1.0,466.1,1.0,446.3,1.0,449.7,1.0,448.9,1.0,765.9,1.0,436.9,1.0,448.9,1.0,442.8,1.0,449.8,1.0,472.3,1.0,454.9,1.0,473.9,1.0,—,,522.5,1.0,554.8,1.0,611.4,1.0,—,,815.8,1.0,826.5,1.0,898.1,1.0,—,,794.1,1.0,764.6,1.0,762.9,1.0,—,,549.4,1.0,—,
  REIT,,—,,263.546,1.0,263.52,1.0,328.356,1.0,341.096,1.0,352356,1.0,341.634,1.0,397.765,1.0,397.999,1.0,388.2,1.0,421.1,1.0,396.355,1.0,432.354,1.0,466.1,1.0,446.3,1.0,449.7,1.0,448.9,1.0,765.9,1.0,436.9,1.0,448.9,1.0,442.8,1.0,449.8,1.0,472.3,1.0,454.9,1.0,473.9,1.0,—,,522.5,1.0,554.8,1.0,611.4,1.0,—,,815.8,1.0,826.5,1.0,898.1,1.0,—,,794.1,1.0,764.6,1.0,762.9,1.0,—,,549.4,1.0,—,
Capital Expenditures,,—,,0,,0,,0,,0,,0,,0,,0,,0,,0,,0,,0,,0,,0,,0,,0,,0,,0,,0,,0,,0,,0,,0,,0,,0,,0,,0,,0,,0,,0,,0,,0,,0,,0,,0,,0,,0,,0,,0,,0,
  REIT,,—,,0,,0,,0,,0,,0,,0,,0,,0,,0,,0,,0,,0,,0,,0,,0,,0,,0,,0,,0,,0,,0,,0,,0,,0,,0,,0,,0,,0,,0,,0,,0,,0,,0,,0,,0,,0,,0,,0,,0,
Rental Income,,—,,1029.854,1.0,1062.18,1.0,1154.235,1.0,1212.849,1.0,1251124,1.0,1267.651,1.0,1426.192,1.0,1497.936,1.0,1521.3,1.0,1594.1,1.0,1638.175,1.0,1655.349,1.0,1678.3,1.0,1710.4,1.0,1749.4,1.0,1751.6,1.0,2103.3,1.0,1786,1.0,1848.9,1.0,1921.6,1.0,1908.4,1.0,1973.2,1.0,1893.2,1.0,1987.6,1.0,—,,2129.7,1.0,2233,1.0,2368.9,1.0,—,,2600.8,1.0,2614.5,1.0,2609.9,1.0,—,,2714.5,1.0,2728.6,1.0,2792.4,1.0,—,,2803.9,1.0,—,
  REIT,,—,,1029.854,1.0,1062.18,1.0,1154.235,1.0,1212.849,1.0,1251124,1.0,1267.651,1.0,1426.192,1.0,1497.936,1.0,1521.3,1.0,1594.1,1.0,1638.175,1.0,1655.349,1.0,1678.3,1.0,1710.4,1.0,1749.4,1.0,1751.6,1.0,2103.3,1.0,1786,1.0,1848.9,1.0,1921.6,1.0,1908.4,1.0,1973.2,1.0,1893.2,1.0,1987.6,1.0,—,,2129.7,1.0,2233,1.0,2368.9,1.0,—,,2600.8,1.0,2614.5,1.0,2609.9,1.0,—,,2714.5,1.0,2728.6,1.0,2792.4,1.0,—,,2803.9,1.0,—,
SG&A,,108.909,1.0,—,,—,,—,,—,,—,,—,,—,,—,,—,,—,,—,,—,,—,,—,,—,,—,,—,,—,,—,,—,,—,,—,,—,,—,,—,,—,,—,,—,,—,,—,,—,,—,,—,,—,,—,,—,,—,,—,,—,
  Other,,41.493,0.38098779715175,—,,—,,—,,—,,—,,—,,—,,—,,—,,—,,—,,—,,—,,—,,—,,—,,—,,—,,—,,—,,—,,—,,—,,—,,—,,—,,—,,—,,—,,—,,—,,—,,—,,—,,—,,—,,—,,—,,—,
  Rental and Management,,64.396,0.591282630452947,—,,—,,—,,—,,—,,—,,—,,—,,—,,—,,—,,—,,—,,—,,—,,—,,—,,—,,—,,—,,—,,—,,—,,—,,—,,—,,—,,—,,—,,—,,—,,—,,—,,—,,—,,—,,—,,—,,—,
    International,,33.441,0.307054513401096,—,,—,,—,,—,,—,,—,,—,,—,,—,,—,,—,,—,,—,,—,,—,,—,,—,,—,,—,,—,,—,,—,,—,,—,,—,,—,,—,,—,,—,,—,,—,,—,,—,,—,,—,,—,,—,,—,,—,
    Domestic,,30.955,0.284228117051851,—,,—,,—,,—,,—,,—,,—,,—,,—,,—,,—,,—,,—,,—,,—,,—,,—,,—,,—,,—,,—,,—,,—,,—,,—,,—,,—,,—,,—,,—,,—,,—,,—,,—,,—,,—,,—,,—,,—,
  Network Development Systems,,3.02,0.0277295723953025,—,,—,,—,,—,,—,,—,,—,,—,,—,,—,,—,,—,,—,,—,,—,,—,,—,,—,,—,,—,,—,,—,,—,,—,,—,,—,,—,,—,,—,,—,,—,,—,,—,,—,,—,,—,,—,,—,,—,
Real Estate - Number of Properties,,—,,75164,1.0,87197,1.0,92275,1.0,99135,1.0,100615,1.0,143000,1.0,144000,1.0,144000,1.0,147000,1.0,147000,1.0,148000,1.0,149000,1.0,150181,1.0,160000,1.0,170000,1.0,170000,1.0,170686,1.0,170000,1.0,171000,1.0,171000,1.0,179520,1.0,180000,1.0,181000,1.0,181000,1.0,—,,187000,1.0,214000,1.0,219000,1.0,—,,221000,1.0,222000,1.0,223000,1.0,—,,226000,1.0,226000,1.0,225000,1.0,—,,224000,1.0,—,
  REIT,,—,,75164,1.0,87197,1.0,92275,1.0,99135,1.0,100615,1.0,143000,1.0,144000,1.0,144000,1.0,147000,1.0,147000,1.0,148000,1.0,149000,1.0,150181,1.0,160000,1.0,170000,1.0,170000,1.0,170686,1.0,170000,1.0,171000,1.0,171000,1.0,179520,1.0,180000,1.0,181000,1.0,181000,1.0,—,,187000,1.0,214000,1.0,219000,1.0,—,,221000,1.0,222000,1.0,223000,1.0,—,,226000,1.0,226000,1.0,225000,1.0,—,,224000,1.0,—,
Source: Bloomberg,,,,,,,,,,,,,,,,,,,,,,,,,,,,,,,,,,,,,,,,,,,,,,,,,,,,,,,,,,,,,,,,,,,,,,,,,,,,,,,,,
