Unnamed: 0,Unnamed: 1,Unnamed: 2,Unnamed: 3,Unnamed: 4,Unnamed: 5,Unnamed: 6,Unnamed: 7,Unnamed: 8,Unnamed: 9,Unnamed: 10,Unnamed: 11,Unnamed: 12,Unnamed: 13,Unnamed: 14,Unnamed: 15,Unnamed: 16,Unnamed: 17,Unnamed: 18,Unnamed: 19,Unnamed: 20,Unnamed: 21,Unnamed: 22,Unnamed: 23,Unnamed: 24,Unnamed: 25,Unnamed: 26,Unnamed: 27,Unnamed: 28,Unnamed: 29,Unnamed: 30,Unnamed: 31,Unnamed: 32,Unnamed: 33,Unnamed: 34,Unnamed: 35,Unnamed: 36,Unnamed: 37,Unnamed: 38,Unnamed: 39,Unnamed: 40,Unnamed: 41,Unnamed: 42,Unnamed: 43,Unnamed: 44,Unnamed: 45,Unnamed: 46,Unnamed: 47,Unnamed: 48,Unnamed: 49,Unnamed: 50,Unnamed: 51,Unnamed: 52,Unnamed: 53,Unnamed: 54,Unnamed: 55,Unnamed: 56,Unnamed: 57,Unnamed: 58,Unnamed: 59,Unnamed: 60,Unnamed: 61,Unnamed: 62,Unnamed: 63,Unnamed: 64,Unnamed: 65,Unnamed: 66,Unnamed: 67,Unnamed: 68,Unnamed: 69,Unnamed: 70,Unnamed: 71,Unnamed: 72,Unnamed: 73,Unnamed: 74,Unnamed: 75,Unnamed: 76,Unnamed: 77,Unnamed: 78,Unnamed: 79
Apple Inc (AAPL US) - By Measure,,,,,,,,,,,,,,,,,,,,,,,,,,,,,,,,,,,,,,,,,,,,,,,,,,,,,,,,,,,,,,,,,,,,,,,,,,,,,,,
,,,,,,,,,,,,,,,,,,,,,,,,,,,,,,,,,,,,,,,,,,,,,,,,,,,,,,,,,,,,,,,,,,,,,,,,,,,,,,,
date,,Q1 2005,,Q2 2005,,Q3 2005,,Q4 2005,,Q1 2006,,Q2 2006,,Q3 2006,,Q4 2006,,Q1 2007,,Q2 2007,,Q3 2007,,Q4 2007,,Q1 2008,,Q2 2008,,Q3 2008,,Q4 2008,,Q1 2009,,Q2 2009,,Q3 2009,,Q4 2009,,Q1 2010,,Q2 2010,,Q3 2010,,Q4 2010,,Q1 2011,,Q2 2011,,Q3 2011,,Q4 2011,,Q1 2012,,Q2 2012,,Q3 2012,,Q4 2012,,Q1 2013,,Q2 2013,,Q3 2013,,Q4 2013,,Q1 2014,,Q2 2014,,Q3 2014,
date,,12/25/2004,,03/26/2005,,06/25/2005,,09/24/2005,,12/31/2005,,04/01/2006,,07/01/2006,,09/30/2006,,12/30/2006,,03/31/2007,,06/30/2007,,09/29/2007,,12/29/2007,,03/29/2008,,06/28/2008,,09/27/2008,,12/27/2008,,03/28/2009,,06/27/2009,,09/26/2009,,12/26/2009,,03/27/2010,,06/26/2010,,09/25/2010,,12/25/2010,,03/26/2011,,06/25/2011,,09/24/2011,,12/31/2011,,03/31/2012,,06/30/2012,,09/29/2012,,12/29/2012,,03/30/2013,,06/29/2013,,09/28/2013,,12/28/2013,,03/29/2014,,06/28/2014,
Revenue,,3490,1.0,3243,1.0,3520,1.0,3678,1.0,5749,1.0,4359,1.0,4370,1.0,4837,1.0,7115,1.0,5264,1.0,5563,1.0,6606,1.0,9608,1.0,7980,1.0,7561,1.0,11520,1.0,11880,1.0,9084,1.0,9734,1.0,12207,1.0,15683,1.0,13499,1.0,15700,1.0,20343,1.0,26741,1.0,24667,1.0,28571,1.0,28270,1.0,46333,1.0,39186,1.0,35023,1.0,35966,1.0,54512,1.0,43603,1.0,35323,1.0,37472,1.0,57594,1.0,45646,1.0,37432,1.0
  iPhone,,—,,—,,—,,—,,—,,—,,—,,—,,—,,—,,—,,—,,—,,—,,—,,—,,—,,—,,—,,—,,—,,—,,—,,—,,—,,—,,—,,10604,0.375097276264591,23950,0.516910193598515,22276,0.568468330526208,15821,0.451731719155983,16645,0.462798198298393,30660,0.562444966245964,22955,0.526454601747586,18154,0.513942756843983,19510,0.520655422715628,32498,0.564260165989513,26064,0.571002935635105,19751,0.527650138918572
  iPad,,—,,—,,—,,—,,—,,—,,—,,—,,—,,—,,—,,—,,—,,—,,—,,—,,—,,—,,—,,—,,—,,—,,—,,—,,—,,—,,—,,6562,0.232118853908737,8769,0.189260354391039,6264,0.159853008727607,8779,0.250663849470348,7133,0.198326196963799,10674,0.195810096859407,8746,0.200582528725088,6374,0.180448999235626,6186,0.165083262169086,11468,0.199117963676772,7610,0.166717784690882,5889,0.157325283180167
  Mac,,1605,0.459885386819484,1494,0.460684551341351,1565,0.444602272727273,1611,0.438009787928222,1724,0.29987823969386,1572,0.360633172746043,1866,0.427002288329519,2213,0.457514988629316,2410,0.338721011946592,2268,0.430851063829787,2533,0.468207024029575,3115,0.47154102331214,3552,0.369691923397169,3511,0.439974937343358,3610,0.483654876741693,3639,0.315885416666667,3565,0.300084175084175,2960,0.325847644209599,3354,0.344565440723238,3980,0.326042434668633,4450,0.283746732130332,3760,0.278539151048226,4399,0.280191082802548,4870,0.239394386275377,5430,0.203058973112449,4976,0.201727003689139,5105,0.178677680165202,6272,0.221860629642731,6598,0.142403902186347,5073,0.129459500842138,4933,0.140850298375353,6617,0.183979313796363,5519,0.101243762841209,5447,0.124922597069009,4893,0.138521643122045,5624,0.150085397096499,6395,0.111035871792201,5519,0.120908732419051,5540,0.148001709767044
    Portables,,604,0.173065902578797,691,0.213074313906876,720,0.204545454545455,824,0.224034801522567,812,0.14124195512263,739,0.169534296857077,1161,0.265675057208238,1344,0.277858176555716,1455,0.20449754040759,1354,0.257218844984802,1577,0.291497227356747,1917,0.290190735694823,2037,0.212010824313072,2156,0.270175438596491,2237,0.29970525187567,2271,0.197135416666667,2520,0.212121212121212,1904,0.209599295464553,2220,0.228066570782823,2891,0.236831326288195,2758,0.175859210610215,2228,0.165049262908364,3098,0.197324840764331,3194,0.157007324386767,3699,0.138326913727983,3535,0.143308874204403,3525,0.12337685065276,—,,—,,—,,—,,—,,—,,—,,—,,—,,—,,—,,—,
    Desktops,,1001,0.286819484240688,803,0.247610237434474,845,0.240056818181818,787,0.213974986405655,912,0.15863628457123,833,0.191098875888965,705,0.161327231121281,869,0.179656812073599,955,0.134223471539002,914,0.173632218844985,956,0.176709796672828,1198,0.181350287617318,1515,0.157681099084097,1355,0.169799498746867,1373,0.183949624866024,1368,0.11875,1045,0.087962962962963,1056,0.116248348745046,1134,0.116498869940415,1089,0.0892111083804375,1692,0.107887521520117,1532,0.113489888139862,1301,0.0828662420382166,1676,0.0823870618886103,1731,0.0647320593844658,1441,0.0584181294847367,1580,0.0553008295124427,—,,—,,—,,—,,—,,—,,—,,—,,—,,—,,—,,—,
  Services,,—,,—,,—,,—,,—,,—,,—,,—,,—,,—,,—,,—,,—,,—,,—,,—,,—,,—,,—,,—,,—,,—,,—,,—,,—,,—,,—,,—,,—,,3171,0.0809217577706324,3203,0.0914541872483797,3496,0.0972029138630929,3687,0.0676364837100088,4114,0.0943513061027911,3990,0.112957563060895,4260,0.11368488471392,4397,0.0763447581345279,4573,0.100184024887175,4485,0.119817268647147
  Other Products,,—,,—,,—,,—,,—,,—,,—,,—,,—,,—,,—,,—,,—,,—,,—,,—,,—,,—,,—,,—,,—,,—,,—,,—,,—,,—,,—,,—,,—,,2402,0.061297402133415,2287,0.0652999457499358,2075,0.0576933770783518,3972,0.0728646903434106,2341,0.053688966355526,1912,0.0541290377374515,1892,0.0504910333048676,2836,0.0492412404069868,1880,0.0411865223677869,1767,0.0472055994870699
  Adjustment,,—,,—,,—,,—,,—,,—,,—,,—,,—,,—,,153,,—,,—,,—,,97,,—,,—,,—,,—,,—,,—,,—,,—,,—,,—,,—,,—,,—,,—,,—,,—,,—,,—,,—,,—,,—,,—,,—,,—,
"  iTunes, Software and Services",,—,,—,,—,,—,,—,,—,,—,,—,,—,,—,,—,,—,,—,,—,,—,,—,,—,,—,,—,,—,,—,,—,,—,,—,,—,,—,,—,,2504,0.0885744605588964,3020,0.0651803250383096,—,,—,,—,,—,,—,,—,,—,,—,,—,,—,
  Accessories,,—,,—,,—,,—,,—,,—,,—,,—,,—,,—,,—,,—,,—,,—,,—,,—,,—,,—,,—,,—,,—,,—,,—,,—,,—,,—,,—,,1225,0.0433321542270959,1468,0.0316836811775624,—,,—,,—,,—,,—,,—,,—,,—,,—,,—,
  Other Music Related Products and Services,,177,0.0507163323782235,216,0.0666049953746531,241,0.0684659090909091,265,0.0720500271886895,491,0.0854061575926248,485,0.111264051387933,457,0.104576659038902,452,0.0934463510440356,634,0.0891075193253689,653,0.124050151975684,608,0.112384473197782,601,0.0909778988798062,808,0.0840965861781848,881,0.110401002506266,819,0.109726688102894,832,0.0722222222222222,1011,0.0851010101010101,1049,0.115477763099956,958,0.0984179165810561,1018,0.0833947734906201,1164,0.074220493528024,1327,0.098303578042818,1214,0.0773248407643312,1243,0.0611020990021137,1431,0.0535133315881979,1634,0.0662423480763773,1571,0.0549858247873718,—,,—,,—,,—,,—,,—,,—,,—,,—,,—,,—,,—,
"  Software, Service and Other Sales",,213,0.0610315186246418,239,0.0736971939562134,345,0.0980113636363636,294,0.0799347471451876,325,0.0565315707079492,324,0.0743289745354439,314,0.0718535469107551,316,0.0653297498449452,347,0.0487702037947997,345,0.0655395136778116,386,0.0713493530499076,429,0.0649409627611263,628,0.0653621981681932,529,0.0662907268170426,501,0.0671221864951768,550,0.0477430555555556,606,0.051010101010101,626,0.0689123734037869,530,0.0544483254571605,649,0.0531662161055132,631,0.0402346489829752,634,0.0469664419586636,646,0.0411464968152866,662,0.0325419063068377,786,0.0293930668262219,743,0.0301212145781814,696,0.0243603654054811,—,,—,,—,,—,,—,,—,,—,,—,,—,,—,,—,,—,
  iPad & Related Products & Services,,—,,—,,—,,—,,—,,—,,—,,—,,—,,—,,—,,—,,—,,—,,—,,—,,—,,—,,0,,0,,0,,0,,2166,0.13796178343949,2792,0.137246227203461,4608,0.172319658950675,2836,0.114971419305145,6046,0.211613174197613,—,,—,,—,,—,,—,,—,,—,,—,,—,,—,,—,,—,
  iPod,,1211,0.346991404011461,1014,0.312673450508788,1103,0.313352272727273,1212,0.32952691680261,2906,0.505479213776309,1714,0.393209451709108,1497,0.342562929061785,1559,0.322307215216043,3427,0.481658468025299,1689,0.320858662613982,1570,0.290203327171904,1619,0.245080230093854,3997,0.416007493755204,1818,0.22781954887218,1678,0.22481243301179,1660,0.144097222222222,3371,0.283754208754209,1665,0.1832892998679,1492,0.153277172796384,1563,0.128041287785697,3391,0.216221386214372,1861,0.137862063856582,1545,0.0984076433121019,1477,0.072604827213292,3425,0.128080475674059,1600,0.0648639883244821,1325,0.0463756956354345,1103,0.0390166253979484,2528,0.0545615436082274,—,,—,,—,,—,,—,,—,,—,,—,,—,,—,
  Peripherals and Other Hardware,,284,0.0813753581661891,280,0.0863398088189948,266,0.0755681818181818,296,0.0804785209352909,303,0.0527048182292573,264,0.0605643496214728,236,0.0540045766590389,297,0.0614016952656605,297,0.041742796907941,309,0.0587006079027356,308,0.0569316081330869,353,0.0534362700575235,382,0.0397585345545379,424,0.0531328320802005,437,0.0585476956055734,433,0.0375868055555556,387,0.0325757575757576,357,0.0392998678996037,340,0.0349291144442161,391,0.0320308019988531,469,0.0299049926672193,472,0.0349655530039262,396,0.0252229299363057,477,0.0234478690458634,593,0.0221756852772896,580,0.0235131957676248,517,0.0180952714290714,—,,—,,—,,—,,—,,—,,—,,—,,—,,—,,—,,—,
  iPhone & Related Products and Services,,—,,—,,—,,—,,—,,—,,0,,0,,—,,—,,5,0.000924214417744917,489,0.0740236148955495,241,0.0250832639467111,817,0.102380952380952,419,0.0561361200428725,4406,0.382465277777778,2940,0.247474747474747,2427,0.267173051519155,3060,0.314362029997945,4606,0.377324485950684,5578,0.355671746477077,5445,0.403363212089784,5334,0.339745222929936,8822,0.433662684953055,10468,0.391458808571108,12298,0.498560830259051,13311,0.465891988379826,—,,—,,—,,—,,—,,—,,—,,—,,—,,—,,—,,—,
% of Revenue - Supplementary,,—,,—,,—,,—,,—,,—,,—,,—,,—,,—,,—,,—,,—,,—,,—,,—,,—,,—,,—,,—,,—,,—,,—,,—,,—,,—,,—,,—,,—,,—,,—,,—,,—,,—,,—,,—,,—,,—,,—,
  iPhone,,—,,—,,—,,—,,—,,—,,—,,—,,—,,—,,—,,—,,—,,—,,—,,—,,—,,—,,—,,—,,—,,—,,—,,—,,—,,—,,—,,—,,—,,—,,—,,—,,—,,53,,51,,—,,56,,57,,53,
  iPad,,—,,—,,—,,—,,—,,—,,—,,—,,—,,—,,—,,—,,—,,—,,—,,—,,—,,—,,—,,—,,—,,—,,—,,—,,—,,—,,—,,—,,—,,—,,—,,—,,—,,20,,18,,—,,20,,17,,16,
  Mac,,—,,—,,—,,—,,—,,—,,—,,—,,—,,—,,—,,—,,—,,—,,—,,—,,—,,—,,—,,—,,—,,—,,—,,—,,—,,—,,—,,—,,—,,—,,—,,—,,—,,12,,14,,—,,11,,12,,15,
  Services,,—,,—,,—,,—,,—,,—,,—,,—,,—,,—,,—,,—,,—,,—,,—,,—,,—,,—,,—,,—,,—,,—,,—,,—,,—,,—,,—,,—,,—,,—,,—,,—,,—,,—,,—,,—,,8,,10,,12,
  Other Products,,—,,—,,—,,—,,—,,—,,—,,—,,—,,—,,—,,—,,—,,—,,—,,—,,—,,—,,—,,—,,—,,—,,—,,—,,—,,—,,—,,—,,—,,—,,—,,—,,—,,—,,—,,—,,5,,4,,4,
"  iTunes, Software and Services",,—,,—,,—,,—,,—,,—,,—,,—,,—,,—,,—,,—,,—,,—,,—,,—,,—,,—,,—,,—,,—,,—,,—,,—,,—,,—,,—,,—,,—,,—,,—,,—,,—,,9,,11,,—,,—,,—,,—,
Revenue Growth %,,—,,—,,—,,—,,—,,—,,—,,—,,—,,—,,—,,—,,—,,—,,—,,—,,—,,—,,—,,—,,—,,—,,—,,—,,—,,—,,—,,—,,—,,—,,—,,—,,—,,—,,—,,—,,—,,—,,—,
  Mac,,26,,29,,5,,31,,7,,5,,19,,37,,40,,44,,36,,40,,47,,54,,43,,17,,0,,-16,,-8,,9,,25,,27,,31,,22,,22,,32,,16,,29,,22,,2,,-3,,6,,-16,,7,,-1,,-15,,16,,1,,13,
    Portables,,—,,—,,7,,22,,34,,7,,61,,63,,79,,83,,36,,42,,40,,58,,42,,18,,23,,-12,,-2,,27,,9,,17,,40,,10,,34,,59,,14,,44,,26,,-1,,3,,17,,—,,—,,—,,—,,—,,—,,—,
    Desktops,,—,,—,,4,,42,,-9,,4,,-17,,10,,5,,10,,36,,38,,59,,48,,44,,14,,-31,,-22,,-18,,-20,,62,,45,,15,,54,,2,,-6,,21,,1,,12,,8,,-19,,-26,,—,,—,,—,,—,,—,,—,,—,
"  iTunes, Software and Services",,—,,—,,—,,—,,—,,—,,—,,—,,—,,—,,—,,—,,—,,—,,—,,—,,—,,—,,—,,—,,—,,—,,—,,—,,—,,—,,—,,—,,—,,—,,—,,—,,—,,—,,—,,—,,19,,—,,12,
  Accessories,,—,,—,,—,,—,,—,,—,,—,,—,,—,,—,,—,,—,,—,,—,,—,,—,,—,,—,,—,,—,,—,,—,,—,,—,,—,,—,,—,,—,,—,,—,,—,,—,,—,,—,,—,,—,,2,,—,,12,
  iPhone,,—,,—,,—,,—,,—,,—,,—,,—,,—,,—,,—,,—,,—,,—,,—,,—,,—,,—,,—,,—,,—,,—,,—,,—,,—,,—,,—,,—,,—,,—,,—,,—,,28,,3,,15,,17,,6,,14,,9,
  iPad,,—,,—,,—,,—,,—,,—,,—,,—,,—,,—,,—,,—,,—,,—,,—,,—,,—,,—,,—,,—,,—,,—,,—,,—,,—,,—,,—,,—,,—,,132,,—,,9,,22,,40,,-27,,-13,,7,,-13,,-8,
  iPod,,373,,284,,69,,126,,140,,69,,36,,29,,18,,-1,,5,,4,,17,,8,,7,,3,,-16,,-8,,-11,,-6,,1,,12,,4,,-6,,1,,-14,,-14,,-25,,-26,,-25,,-20,,-26,,—,,—,,—,,—,,-55,,—,,-40,
  Services,,—,,—,,—,,—,,—,,—,,—,,—,,—,,—,,—,,—,,—,,—,,—,,—,,—,,—,,—,,—,,—,,—,,—,,—,,—,,—,,—,,—,,—,,—,,—,,—,,22,,30,,25,,—,,—,,11,,—,
  Other Products,,—,,—,,—,,—,,—,,—,,—,,—,,—,,—,,—,,—,,—,,—,,—,,—,,—,,—,,—,,—,,—,,—,,—,,—,,—,,—,,—,,—,,—,,—,,—,,—,,25,,15,,-4,,—,,—,,3,,—,
  Other Music Related Products and Services,,277,,260,,125,,170,,177,,125,,90,,71,,29,,35,,33,,33,,27,,35,,35,,38,,25,,19,,17,,22,,15,,27,,27,,22,,23,,23,,29,,35,,42,,32,,31,,37,,—,,—,,—,,—,,—,,—,,—,
"  Software, Service and Other Sales",,—,,—,,36,,38,,53,,36,,-9,,7,,7,,6,,23,,36,,81,,53,,30,,28,,-4,,18,,5,,18,,4,,1,,22,,2,,25,,17,,8,,10,,7,,12,,28,,22,,—,,—,,—,,—,,—,,—,,—,
  iPad & Related Products & Services,,—,,—,,—,,—,,—,,—,,—,,—,,—,,—,,—,,—,,—,,—,,—,,—,,—,,—,,—,,—,,—,,—,,0,,—,,—,,—,,179,,146,,99,,132,,52,,9,,—,,—,,—,,—,,—,,—,,—,
  Peripherals and Other Hardware,,28,,18,,-6,,9,,7,,-6,,-11,,0,,-2,,17,,31,,16,,29,,33,,42,,24,,-1,,-13,,-22,,-8,,21,,32,,16,,22,,26,,23,,31,,34,,29,,11,,28,,10,,—,,—,,—,,—,,—,,—,,—,
  iPhone & Related Products and Services,,—,,—,,—,,—,,—,,—,,—,,—,,—,,—,,—,,—,,—,,—,,—,,583,,417,,302,,303,,185,,90,,124,,74,,92,,88,,126,,150,,24,,133,,85,,22,,56,,—,,—,,—,,—,,—,,—,,—,
Sequential Revenue Growth%,,—,,—,,—,,—,,—,,—,,—,,—,,—,,—,,—,,—,,—,,—,,—,,—,,—,,—,,—,,—,,—,,—,,—,,—,,—,,—,,—,,—,,—,,—,,—,,—,,—,,—,,—,,—,,—,,—,,—,
  Mac,,—,,—,,—,,3,,7,,5,,19,,23,,9,,6,,12,,23,,14,,-2,,3,,0,,12,,-17,,13,,19,,12,,23,,17,,22,,11,,-8,,3,,23,,5,,-23,,-3,,34,,84,,-10,,-10,,15,,14,,-14,,0,
    Portables,,—,,—,,—,,14,,-1,,7,,57,,19,,8,,7,,16,,21,,7,,5,,4,,1,,-5,,-25,,16,,30,,-5,,21,,39,,3,,16,,-4,,0,,30,,2,,-25,,4,,66,,—,,—,,—,,—,,—,,—,,—,
    Desktops,,—,,—,,—,,-7,,16,,4,,15,,29,,10,,4,,5,,25,,27,,-11,,2,,1,,55,,1,,8,,-4,,55,,25,,-15,,29,,3,,-17,,10,,7,,15,,-19,,-18,,19,,—,,—,,—,,—,,—,,—,,—,
"  iTunes, Software and Services",,—,,—,,—,,—,,—,,—,,—,,—,,—,,—,,—,,—,,—,,—,,—,,—,,—,,—,,—,,—,,—,,—,,—,,—,,—,,—,,—,,—,,—,,—,,—,,—,,5,,7,,-3,,—,,3,,—,,-2,
  iPod,,—,,—,,—,,10,,140,,69,,13,,4,,120,,51,,7,,3,,147,,-55,,-8,,-1,,117,,-51,,-10,,5,,117,,3,,-17,,4,,132,,-53,,-17,,-17,,129,,-52,,-12,,-88,,161,,-216,,-24,,—,,70,,—,,-4,
  Accessories,,—,,—,,—,,—,,—,,—,,—,,—,,—,,—,,—,,—,,—,,—,,—,,—,,—,,—,,—,,—,,—,,—,,—,,—,,—,,—,,—,,—,,—,,—,,—,,—,,46,,-71,,-15,,—,,41,,—,,-7,
  iPad,,—,,—,,—,,—,,—,,—,,—,,—,,—,,—,,—,,—,,—,,—,,—,,—,,—,,—,,—,,—,,—,,—,,—,,—,,—,,—,,—,,—,,—,,—,,—,,-18,,-17,,-27,,-27,,-3,,85,,-34,,-23,
  iPhone,,—,,—,,—,,—,,—,,—,,—,,—,,—,,—,,—,,—,,—,,—,,—,,—,,—,,—,,—,,—,,—,,—,,—,,—,,—,,—,,—,,—,,—,,—,,—,,—,,50,,-21,,-21,,7,,67,,-20,,-24,
  Other Music Related Products and Services,,—,,—,,—,,10,,85,,125,,6,,1,,40,,3,,7,,-1,,34,,9,,-7,,2,,14,,4,,-9,,6,,14,,-1,,-9,,2,,15,,14,,-4,,7,,21,,6,,-4,,-12,,—,,—,,—,,—,,—,,—,,—,
"  Software, Service and Other Sales",,—,,—,,—,,-15,,11,,36,,3,,1,,10,,1,,12,,11,,46,,-16,,-5,,10,,-3,,3,,-16,,23,,-3,,11,,2,,2,,19,,-5,,-6,,5,,16,,-1,,7,,-22,,—,,—,,—,,—,,—,,—,,—,
  iPad & Related Products & Services,,—,,—,,—,,—,,—,,—,,—,,—,,—,,—,,—,,—,,—,,—,,—,,—,,—,,—,,—,,—,,—,,—,,—,,29,,65,,-38,,113,,14,,33,,-28,,39,,-62,,—,,—,,—,,—,,—,,—,,—,
  Peripherals and Other Hardware,,—,,—,,—,,11,,2,,-6,,11,,26,,0,,4,,0,,12,,10,,8,,6,,-2,,20,,-5,,-5,,15,,20,,12,,-16,,20,,24,,-2,,-11,,24,,20,,-16,,3,,-1,,—,,—,,—,,—,,—,,—,,—,
  iPhone & Related Products and Services,,—,,—,,—,,—,,—,,—,,—,,—,,—,,—,,—,,—,,104,,57,,11,,92,,21,,22,,11,,36,,21,,—,,-2,,65,,19,,17,,8,,-18,,122,,-7,,-28,,-82,,—,,—,,—,,—,,—,,—,,—,
Unit Sales (in Million),,5.626,1.0,6.381,1.0,7.337,1.0,7.687,1.0,15.297,1.0,9.638,1.0,9.438,1.0,10.339,1.0,22.672,1.0,12.066,1.0,11.849,1.0,13.483,1.0,26.755,1.0,14.636,1.0,14.224,1.0,20.555,1.0,29.614,1.0,17.022,1.0,18.026,1.0,20.597,1.0,33.069,1.0,22.58,1.0,24.546,1.0,31.226,1.0,47.146,1.0,36.118,1.0,41.066,1.0,39.712,1.0,73.073,1.0,50.879,1.0,47.09,1.0,45.869,1.0,74.71,1.0,60.859,1.0,49.612,1.0,52.45,1.0,81.897,1.0,64.205,1.0,52.892,1.0
  iPhone,,—,,—,,—,,—,,—,,—,,—,,—,,—,,—,,—,,—,,—,,—,,—,,—,,—,,—,,—,,—,,—,,—,,—,,—,,—,,—,,—,,17.073,0.42992042707494,37.044,0.506945109684836,35.064,0.689164488295761,26.028,0.552728817158632,26.91,0.586670736227081,47.789,0.639660018739125,37.43,0.615028179891224,31.241,0.629706522615496,33.797,0.644366062917064,51.025,0.623038694946091,43.719,0.680928276613971,35.203,0.665563790365273
  iPad,,—,,—,,—,,—,,—,,—,,—,,—,,—,,—,,—,,—,,—,,—,,—,,—,,—,,—,,0,,0,,0,,0,,3.27,0.133219261794182,4.188,0.134119003394607,7.331,0.155495694226446,4.694,0.129962899385348,9.246,0.225149758924658,11.123,0.280091659951652,15.434,0.211213444090156,11.798,0.231883488276106,17.042,0.361902739435124,14.036,0.30600187490462,22.86,0.305983134787846,19.477,0.320034834617723,14.617,0.294626300088688,14.079,0.268427073403241,26.035,0.317899312551131,16.35,0.254653064403084,13.276,0.251002041896695
  Mac,,1.046,0.185922502666193,1.07,0.167685315781226,1.182,0.161101267548044,1.236,0.160790945752569,1.254,0.0819768582074917,1.112,0.115376634156464,1.327,0.140601822420004,1.61,0.15572105619499,1.606,0.0708362738179252,1.517,0.12572517818664,1.764,0.148873322643261,2.164,0.160498405399392,2.319,0.0866753877779854,2.289,0.156395189942607,2.496,0.175478065241845,2.611,0.127025054731209,2.524,0.0852299588032687,2.216,0.130184467160146,2.603,0.144402529679352,3.053,0.148225469728601,3.362,0.101666213069642,2.943,0.130336581045173,3.472,0.141448708547217,3.885,0.124415551143278,4.134,0.0876850634200144,3.76,0.104103217232405,3.947,0.0961135732722934,4.894,0.123237308622079,5.198,0.0711343451069478,4.017,0.0789520234281334,4.02,0.0853684434062434,4.923,0.107327388868299,4.061,0.054356846473029,3.952,0.0649369854910531,3.754,0.0756671772958155,4.574,0.0872068636796949,4.837,0.0590619925027779,4.136,0.0644186589829453,4.413,0.0834341677380322
    Portables,,0.423,0.07518663348738,0.462,0.0724024447578749,0.495,0.0674662668665667,0.634,0.0824769090672564,0.587,0.0383735372948944,0.498,0.0516704710520855,0.798,0.0845518118245391,0.986,0.0953670567753168,0.969,0.0427399435426958,0.891,0.073843858776728,1.13,0.0953666976116128,1.347,0.0999035822888081,1.342,0.0501588488133059,1.433,0.0979092648264553,1.553,0.109181664791901,1.675,0.0814886888834833,1.796,0.0606469912879044,1.398,0.0821290095170955,1.754,0.097303894374792,2.266,0.11001602175074,2.128,0.064350297862046,1.796,0.0795394154118689,2.468,0.100545913794508,2.643,0.0846410042912957,2.907,0.0616595257285878,2.751,0.0761670081399856,2.792,0.067988116690206,—,,—,,—,,—,,—,,—,,—,,—,,—,,—,,—,,—,
    Desktops,,0.623,0.110735869178813,0.608,0.0952828710233506,0.687,0.0936350006814775,0.602,0.0783140366853129,0.667,0.0436033209125972,0.614,0.0637061631043785,0.529,0.0560500105954651,0.624,0.0603539994196731,0.637,0.0280963302752294,0.626,0.0518813194099122,0.634,0.0535066250316482,0.817,0.0605948231105837,0.977,0.0365165389646795,0.856,0.058485925116152,0.943,0.0662964004499438,0.936,0.0455363658477256,0.728,0.0245829675153644,0.818,0.0480554576430502,0.849,0.0470986353045601,0.787,0.0382094479778609,1.234,0.0373159152075962,1.147,0.0507971656333038,1.004,0.0409027947527092,1.242,0.0397745468519823,1.227,0.0260255376914266,1.009,0.0279362090924193,1.155,0.0281254565820874,—,,—,,—,,—,,—,,—,,—,,—,,—,,—,,—,,—,
  iPod,,4.58,0.814077497333807,5.311,0.832314684218774,6.155,0.838898732451956,6.451,0.839209054247431,14.043,0.918023141792508,8.526,0.884623365843536,8.111,0.859398177579996,8.729,0.84427894380501,21.066,0.929163726182075,10.549,0.87427482181336,9.815,0.828339944299097,10.2,0.756508195505451,22.121,0.826798729209494,10.644,0.727247881934955,11.011,0.774114173228346,11.052,0.537679396740452,22.727,0.767441075167151,11.013,0.646986253084244,10.215,0.56668146011317,10.177,0.494101082681944,20.97,0.634128640116121,10.885,0.482063773250664,9.406,0.383198891876477,9.051,0.289854608339205,19.446,0.41246341153014,9.017,0.249653912176754,7.535,0.183485121511713,6.622,0.16675060435133,15.397,0.21070710111806,—,,—,,—,,—,,—,,—,,—,,—,,—,,—,
  iPhone & Related Products and Services,,—,,—,,—,,—,,—,,—,,0,,0,,0,,0,,0.27,0.022786733057642,1.119,0.0829933990951569,2.315,0.086525883012521,1.703,0.116356928122438,0.717,0.0504077615298088,6.892,0.335295548528339,4.363,0.147328966029581,3.793,0.22282927975561,5.208,0.288916010207478,7.367,0.357673447589455,8.737,0.264205146814237,8.752,0.387599645704163,8.398,0.342133137782123,14.102,0.45161083712291,16.235,0.3443558308234,18.647,0.516279971205493,20.338,0.495251546291336,—,,—,,—,,—,,—,,—,,—,,—,,—,,—,,—,,—,
Average Sales Price,,—,,—,,—,,—,,—,,—,,—,,—,,—,,—,,—,,—,,—,,—,,—,,—,,—,,—,,—,,—,,—,,—,,—,,—,,—,,—,,—,,—,,—,,—,,—,,—,,—,,—,,—,,—,,—,,—,,—,
  iPod,,264,,191,,179,,187,,207,,201,,185,,178,,163,,160,,160,,159,,180.68,,171,,152,,150,,148,,151,,146,,154,,162,,171,,164,,163,,176,,177,,—,,—,,—,,—,,—,,—,,—,,—,,—,,—,,—,,—,,—,
  Mac,,1534,,1396,,1324,,1303,,1375,,1414,,1406,,1374,,1504,,1495,,1436,,1531,,1531.69,,1534,,1455,,1393,,1412,,1336,,1289,,1303,,1324,,1278,,1267,,1253,,1313,,1317.68,,—,,—,,—,,—,,—,,—,,—,,—,,—,,—,,—,,—,,—,
  iPad,,—,,—,,—,,—,,—,,—,,—,,—,,—,,—,,—,,—,,—,,—,,—,,—,,—,,—,,—,,—,,—,,—,,—,,—,,600,,604.18,,—,,—,,—,,—,,—,,—,,—,,—,,—,,—,,—,,—,,—,
Source: Bloomberg,,,,,,,,,,,,,,,,,,,,,,,,,,,,,,,,,,,,,,,,,,,,,,,,,,,,,,,,,,,,,,,,,,,,,,,,,,,,,,,
