Unnamed: 0,Unnamed: 1,Unnamed: 2,Unnamed: 3,Unnamed: 4,Unnamed: 5,Unnamed: 6,Unnamed: 7,Unnamed: 8,Unnamed: 9,Unnamed: 10,Unnamed: 11,Unnamed: 12,Unnamed: 13,Unnamed: 14,Unnamed: 15,Unnamed: 16,Unnamed: 17,Unnamed: 18,Unnamed: 19,Unnamed: 20,Unnamed: 21,Unnamed: 22,Unnamed: 23,Unnamed: 24,Unnamed: 25,Unnamed: 26,Unnamed: 27,Unnamed: 28,Unnamed: 29,Unnamed: 30,Unnamed: 31,Unnamed: 32,Unnamed: 33,Unnamed: 34,Unnamed: 35,Unnamed: 36,Unnamed: 37,Unnamed: 38,Unnamed: 39,Unnamed: 40,Unnamed: 41,Unnamed: 42,Unnamed: 43,Unnamed: 44,Unnamed: 45,Unnamed: 46,Unnamed: 47,Unnamed: 48,Unnamed: 49,Unnamed: 50,Unnamed: 51,Unnamed: 52,Unnamed: 53,Unnamed: 54,Unnamed: 55,Unnamed: 56,Unnamed: 57,Unnamed: 58,Unnamed: 59,Unnamed: 60,Unnamed: 61,Unnamed: 62,Unnamed: 63,Unnamed: 64,Unnamed: 65,Unnamed: 66,Unnamed: 67,Unnamed: 68,Unnamed: 69,Unnamed: 70,Unnamed: 71,Unnamed: 72,Unnamed: 73,Unnamed: 74,Unnamed: 75,Unnamed: 76,Unnamed: 77,Unnamed: 78,Unnamed: 79,Unnamed: 80,Unnamed: 81
CSX Corp (CSX US) - By Measure,,,,,,,,,,,,,,,,,,,,,,,,,,,,,,,,,,,,,,,,,,,,,,,,,,,,,,,,,,,,,,,,,,,,,,,,,,,,,,,,,
,,,,,,,,,,,,,,,,,,,,,,,,,,,,,,,,,,,,,,,,,,,,,,,,,,,,,,,,,,,,,,,,,,,,,,,,,,,,,,,,,
date,,Q1 2009,,Q2 2009,,Q3 2009,,Q4 2009,,Q1 2010,,Q2 2010,,Q3 2010,,Q4 2010,,Q1 2011,,Q2 2011,,Q3 2011,,Q4 2011,,Q1 2012,,Q2 2012,,Q3 2012,,Q4 2012,,Q1 2013,,Q2 2013,,Q3 2013,,Q4 2013,,Q1 2014,,Q2 2014,,Q3 2014,,Q4 2014,,Q1 2015,,Q2 2015,,Q3 2015,,Q4 2015,,Q1 2016,,Q2 2016,,Q3 2016,,Q4 2016,,Q1 2017,,Q2 2017,,Q3 2017,,Q4 2017,,Q1 2018,,Q2 2018,,Q3 2018,,Q4 2018,
date,,03/27/2009,,06/26/2009,,09/25/2009,,12/25/2009,,03/26/2010,,06/25/2010,,09/24/2010,,12/31/2010,,04/01/2011,,07/01/2011,,09/30/2011,,12/30/2011,,03/30/2012,,06/29/2012,,09/28/2012,,12/28/2012,,03/29/2013,,06/28/2013,,09/27/2013,,12/27/2013,,03/28/2014,,06/27/2014,,09/26/2014,,12/26/2014,,03/27/2015,,06/26/2015,,09/25/2015,,12/25/2015,,03/25/2016,,06/24/2016,,09/23/2016,,12/30/2016,,03/31/2017,,06/30/2017,,09/30/2017,,12/31/2017,,03/31/2018,,06/30/2018,,09/30/2018,,12/31/2018,
Revenue,,2247,1.0,2185,1.0,2289,1.0,2320,1.0,2491,1.0,2663,1.0,2666,1.0,2816,1.0,2810,1.0,3019,1.0,2963,1.0,2951,1.0,2966,1.0,3012,1.0,2894,1.0,2884,1.0,2963,1.0,3046,1.0,2985,1.0,3032,1.0,3012,1.0,3244,1.0,3221,1.0,3192,1.0,3027,1.0,3064,1.0,2939,1.0,2781,1.0,2618,1.0,2704,1.0,2710,1.0,3037,1.0,2869,1.0,2933,1.0,2743,1.0,2863,1.0,2876,1.0,3102,1.0,3129,1.0,3143,1.0
  Merchandise,,1075,0.478415665331553,1061,0.48558352402746,1243,0.543031891655745,1288,0.555172413793103,1368,0.549177037334404,1456,0.546751783702591,1428,0.535633908477119,1534,0.544744318181818,1526,0.543060498220641,1612,0.533951639615767,1565,0.528180897738778,1599,0.541850220264317,1675,0.564733648010789,1711,0.568061088977424,1609,0.555977885279889,1661,0.573747841105354,1717,0.579480256496794,1782,0.585029546946816,1719,0.575879396984925,1819,0.599934036939314,1787,0.593293492695883,1971,0.607583230579531,1927,0.598261409500155,1923,0.602443609022556,1809,0.597621407333994,1858,0.606396866840731,1819,0.618917999319496,1785,0.64185544768069,1734,0.662337662337662,1772,0.655325443786982,1741,0.642435424354244,1895,0.623971024036879,1839,0.640989891948414,1798,0.613024207296284,1688,0.615384615384615,1743,0.60880195599022,1779,0.618567454798331,1907,0.614764667956157,1890,0.604026845637584,1915,0.609290486796055
    Chemicals,,308,0.137071651090343,308,0.140961098398169,332,0.145041502839668,319,0.1375,351,0.140907266158169,372,0.139692076605332,379,0.142160540135034,383,0.136008522727273,394,0.140213523131673,413,0.136800264988407,407,0.137360782990213,382,0.129447644866147,415,0.139919082939987,430,0.142762284196547,424,0.14651002073255,413,0.1426597582038,468,0.157948025649679,476,0.156270518713066,469,0.157118927973199,483,0.159300791556728,516,0.171314741035857,556,0.171393341553637,558,0.173238124805961,548,0.171679197994987,534,0.176412289395441,530,0.172976501305483,582,0.198026539639333,548,0.197051420352391,546,0.20855614973262,534,0.197485207100592,542,0.2,569,0.187355943365163,566,0.197281282676891,552,0.188203204909649,546,0.199052132701422,546,0.190709046454768,557,0.193671766342142,588,0.189555125725338,596,0.19047619047619,598,0.190264078905504
    Agriculture & Food Product,,—,,—,,—,,—,,—,,—,,—,,—,,—,,—,,—,,—,,—,,—,,—,,—,,—,,—,,—,,—,,—,,—,,—,,367,0.114974937343358,—,,—,,321,0.109220823409323,335,0.120460266091334,323,0.123376623376623,307,0.11353550295858,295,0.108856088560886,361,0.118867303259796,332,0.115719762983618,321,0.109444255028981,288,0.104994531534816,321,0.112120153684946,307,0.106745479833102,327,0.10541586073501,325,0.103867050175775,347,0.110404072542157
    Automotive,,95,0.0422785936804628,113,0.0517162471395881,127,0.0554827435561381,176,0.0758620689655172,170,0.0682456844640707,204,0.0766053323319564,196,0.0735183795948987,230,0.0816761363636364,219,0.0779359430604982,226,0.0748592249089102,228,0.0769490381370233,263,0.0891223314130803,281,0.0947403910991234,302,0.100265604249668,270,0.0932964754664824,301,0.103972366148532,293,0.098886263921701,318,0.104399212081418,286,0.0958123953098828,320,0.105540897097625,275,0.0913014608233732,321,0.0989519112207152,305,0.0946910897236883,312,0.0977443609022556,267,0.0882061446977205,313,0.102154046997389,287,0.097652262674379,308,0.110751528227256,290,0.110771581359817,313,0.115754437869822,304,0.112177121771218,354,0.116562397102404,316,0.110142906936215,307,0.104670985339243,269,0.0980678089682829,303,0.10583304226336,304,0.105702364394993,330,0.106382978723404,300,0.0958772770853308,333,0.105949729557747
    Forest Products,,140,0.0623052959501558,133,0.0608695652173913,140,0.0611620795107034,134,0.0577586206896552,140,0.0562023283821758,150,0.0563274502440856,150,0.0562640660165041,160,0.0568181818181818,161,0.0572953736654804,174,0.0576349784696919,179,0.0604117448531893,170,0.0576075906472382,181,0.0610249494268375,184,0.0610889774236388,182,0.0628887353144437,175,0.0604490500863558,189,0.0637867026662167,195,0.0640183847669074,199,0.0666666666666667,192,0.0633245382585752,194,0.0644090305444887,210,0.0647348951911221,209,0.0648866811549208,206,0.0645363408521303,198,0.0654112983151635,202,0.0659268929503916,203,0.0690711126233413,193,0.0693994965839626,189,0.072192513368984,192,0.0710059171597633,191,0.070479704797048,201,0.066183733947975,192,0.0669222725688393,194,0.0661438799863621,181,0.0659861465548669,188,0.0656653859587845,195,0.0678025034770515,215,0.0693101225016119,223,0.0712687759667625,217,0.0690423162583519
    Metal & Equipment,,—,,—,,—,,—,,—,,—,,—,,—,,—,,—,,—,,—,,—,,—,,—,,—,,—,,—,,—,,—,,—,,—,,—,,169,0.0529448621553885,—,,—,,190,0.0646478394011569,168,0.0604099244875944,165,0.0630252100840336,186,0.0687869822485207,180,0.0664206642066421,173,0.0569641093184063,190,0.0662251655629139,178,0.0606887146266621,178,0.0648924535180459,157,0.0548375829549424,186,0.064673157162726,198,0.0638297872340425,205,0.0655161393416427,180,0.0572701240852689
    Minerals,,—,,—,,—,,—,,—,,—,,—,,—,,—,,—,,—,,168,0.0569298542866825,94,0.0316925151719488,107,0.0355245683930943,104,0.0359364201796821,104,0.0359240069084629,96,0.0323995950050624,115,0.0377544320420223,114,0.0381909547738693,107,0.0352902374670185,95,0.0315405046480744,123,0.0379161528976572,127,0.0394287488357653,114,0.0357142857142857,103,0.0340270895275851,123,0.0401436031331593,125,0.0425314732902348,113,0.0406328658755843,94,0.0359052711993888,126,0.0465976331360947,125,0.0461254612546125,119,0.0391834046756668,114,0.0397350993377483,128,0.0436413228775997,120,0.04374772147284,115,0.0401676563045756,114,0.0396383866481224,137,0.0441650548033527,137,0.0437839565356344,130,0.0413617562838053
    Fertilizers,,87,0.0387182910547397,94,0.043020594965675,94,0.0410659676714723,98,0.0422413793103448,123,0.0493777599357688,109,0.0409312805107022,107,0.0401350337584396,126,0.0447443181818182,136,0.0483985765124555,119,0.0394170255051342,118,0.0398245021937226,117,0.039647577092511,131,0.0441672285906945,125,0.0415006640106242,123,0.0425017277125086,133,0.0459412780656304,144,0.0485993925075937,135,0.0443204202232436,124,0.0415410385259632,124,0.0408970976253298,134,0.0444887118193891,143,0.0440813810110974,127,0.0394287488357653,130,0.0407268170426065,136,0.0449289725801123,122,0.0398172323759791,111,0.0377679482817285,120,0.0431499460625674,127,0.0485103132161956,114,0.0421597633136095,104,0.0383763837638376,118,0.0388541323674679,129,0.0449634018821889,118,0.0402318445277872,106,0.038643820634342,113,0.0394690883688439,116,0.0403337969401947,112,0.0361057382333978,104,0.033237456056248,110,0.0349984091632199
    Housing and Construction,,—,,—,,—,,279,0.120258620689655,270,0.108390204737053,317,0.119038678182501,313,0.117404351087772,315,0.111860795454545,306,0.108896797153025,353,0.116926134481616,359,0.121160985487681,338,0.114537444933921,335,0.112946729602158,362,0.120185922974768,350,0.120939875604699,346,0.119516407599309,342,0.115423557205535,373,0.122455679579777,389,0.130318257956449,367,0.121042216358839,348,0.115537848605578,412,0.127003699136868,430,0.133498913380938,320,0.100250626566416,363,0.1199207135778,403,0.131527415143603,328,0.111602585913576,306,0.110032362459547,283,0.108097784568373,318,0.117603550295858,316,0.116605166051661,—,,—,,—,,—,,—,,—,,—,,—,,—,
      Waste & Equipment,,—,,—,,—,,—,,—,,—,,—,,—,,—,,—,,—,,—,,60,0.0202292650033715,71,0.0235723771580345,64,0.0221147201105736,67,0.0231433506044905,57,0.0192372595342558,63,0.020682862770847,76,0.0254606365159129,68,0.0224274406332454,59,0.0195883134130146,79,0.0243526510480888,94,0.0291834833902515,—,,62,0.0204823257350512,78,0.0254569190600522,—,,—,,—,,—,,—,,—,,—,,—,,—,,—,,—,,—,,—,,—,
      Emerging Markets,,134,0.0596350689808634,147,0.0672768878718535,159,0.0694626474442988,145,0.0625,130,0.0521878763548776,167,0.0627112279384153,163,0.0611402850712678,155,0.0550426136363636,145,0.0516014234875445,179,0.0592911560119245,180,0.0607492406344921,—,,—,,—,,—,,—,,—,,—,,—,,—,,—,,—,,—,,—,,—,,—,,—,,—,,—,,—,,—,,—,,—,,—,,—,,—,,—,,—,,—,,—,
    Agricultural,,—,,—,,—,,410,0.176724137931034,449,0.180248896025692,423,0.158843409688321,415,0.155663915978995,479,0.170099431818182,459,0.163345195729537,462,0.153030804902286,416,0.140398245021937,464,0.157234835648933,473,0.159474039109912,454,0.150730411686587,410,0.141672425708362,455,0.157167530224525,453,0.152885588930138,452,0.148391332895601,411,0.137688442211055,493,0.162598944591029,483,0.160358565737052,498,0.153514180024661,451,0.140018627755355,497,0.155701754385965,491,0.162206805417906,456,0.148825065274151,432,0.146988771691051,455,0.163610212153901,450,0.171886936592819,421,0.155695266272189,399,0.147232472324723,—,,—,,—,,—,,—,,—,,—,,—,,—,
      Food and Consumer,,60,0.0267022696929239,59,0.0270022883295194,57,0.0249017038007864,57,0.0245689655172414,59,0.0236852669610598,59,0.0221554637626737,62,0.0232558139534884,65,0.0230823863636364,63,0.0224199288256228,70,0.0231864855912554,64,0.021599730003375,66,0.0223652998983395,67,0.0225893459204316,68,0.0225763612217795,67,0.0231513476157567,71,0.0245250431778929,68,0.0229497131285859,69,0.0226526592252134,64,0.0214405360134003,68,0.0224274406332454,65,0.0215803452855246,70,0.0215782983970407,64,0.0198696057125116,—,,64,0.0211430459200529,68,0.0221932114882506,—,,—,,—,,—,,—,,—,,—,,—,,—,,—,,—,,—,,—,,—,
      Agriculture  Products,,249,0.110814419225634,233,0.106636155606407,223,0.0974224552206204,255,0.109913793103448,267,0.107185869128864,255,0.0957566654149456,246,0.0922730682670668,288,0.102272727272727,260,0.0925266903914591,273,0.090427293805896,234,0.0789740128248397,281,0.095221958658082,275,0.0927174645987862,261,0.0866533864541833,220,0.0760193503800967,251,0.0867012089810017,241,0.0813364832939588,248,0.0814182534471438,223,0.0747068676716918,301,0.0992744063324538,284,0.0942895086321381,285,0.0878545006165228,260,0.0807202732070786,—,,291,0.0961347869177403,266,0.0868146214099217,—,,—,,—,,—,,—,,—,,—,,—,,—,,—,,—,,—,,—,,—,
    Industrial,,—,,—,,—,,599,0.258189655172414,649,0.260537936571658,716,0.268869695831769,700,0.262565641410353,740,0.262784090909091,761,0.270818505338078,797,0.263994700231865,790,0.26662166722916,797,0.270077939681464,867,0.292312879298719,895,0.297144754316069,849,0.293365583966828,860,0.29706390328152,922,0.31117111036112,957,0.314182534471438,919,0.30787269681742,959,0.316292875989446,956,0.317397078353254,1061,0.327065351418002,1046,0.324743868363862,1029,0.322368421052632,955,0.315493888338289,999,0.326044386422977,1059,0.360326641714869,1024,0.368212873067242,1001,0.382352941176471,1033,0.382026627218935,1026,0.37859778597786,—,,—,,—,,—,,—,,—,,—,,—,,—,
      Metals,,97,0.0431686693368936,87,0.0398169336384439,111,0.0484927916120577,104,0.0448275862068966,128,0.0513849859494179,140,0.0525722868944799,125,0.0468867216804201,127,0.0450994318181818,148,0.0526690391459075,158,0.0523352103345479,155,0.0523118461019237,152,0.0515079634022365,171,0.0576534052596089,163,0.0541168658698539,155,0.0535590877677954,146,0.0504317789291883,161,0.0543368207897401,163,0.0535128036769534,164,0.0549413735343384,156,0.0514511873350923,165,0.0547808764940239,184,0.0567200986436498,183,0.056814653834213,—,,154,0.0508754542451272,156,0.0509138381201044,—,,—,,—,,—,,—,,—,,—,,—,,—,,—,,—,,—,,—,,—,
  Coal,,744,0.331108144192256,662,0.302974828375286,680,0.297072957623416,641,0.276293103448276,736,0.295463669209153,835,0.313556139692077,835,0.313203300825206,861,0.305752840909091,879,0.312811387900356,958,0.317323617091752,957,0.322983462706716,915,0.310064384954253,832,0.280512474713419,820,0.272244355909695,791,0.273324118866621,747,0.258031088082902,726,0.245021937225785,770,0.252790544977019,720,0.241206030150754,679,0.223944591029024,662,0.219787516600266,744,0.229346485819975,721,0.223843526855014,722,0.226190476190476,638,0.210769739015527,630,0.205613577023499,583,0.198366791425655,449,0.161452714850773,399,0.152406417112299,416,0.153846153846154,467,0.172324723247232,551,0.181429041817583,522,0.181944928546532,530,0.180702352540061,514,0.187386073641998,541,0.188962626615438,503,0.174895688456189,569,0.183430045132173,588,0.187919463087248,586,0.186446070633153
    Coal,,713,0.317311971517579,639,0.292448512585812,—,,—,,—,,—,,—,,—,,—,,—,,—,,—,,—,,—,,—,,—,,—,,—,,—,,—,,—,,—,,—,,—,,—,,—,,—,,—,,—,,—,,—,,—,,—,,—,,—,,—,,—,,—,,—,,—,
    Coke and Iron Ore,,31,0.0137961726746773,23,0.0105263157894737,—,,—,,—,,—,,—,,—,,—,,—,,—,,—,,—,,—,,—,,—,,—,,—,,—,,—,,—,,—,,—,,—,,—,,—,,—,,—,,—,,—,,—,,—,,—,,—,,—,,—,,—,,—,,—,,—,
  Intermodal,,270,0.120160213618158,291,0.133180778032037,299,0.130624726955002,333,0.143534482758621,319,0.128061019670815,304,0.114156965828014,318,0.119279819954989,350,0.124289772727273,327,0.116370106761566,369,0.122225902616761,363,0.122510968612892,375,0.127075567604202,389,0.131153068105192,408,0.135458167330677,399,0.137871458189357,398,0.137478411053541,404,0.136348295646304,425,0.139527248850952,431,0.144388609715243,437,0.144129287598945,421,0.139774236387782,449,0.138409371146732,455,0.141260478112387,465,0.145676691729323,415,0.137099438387843,450,0.146866840731071,451,0.153453555631167,446,0.160373966199209,405,0.154698242933537,419,0.154955621301775,425,0.156826568265683,477,0.157062891010866,434,0.151272220285814,448,0.152744630071599,446,0.162595698140722,471,0.164512748864827,449,0.156119610570236,490,0.157962604771115,500,0.159795461808885,492,0.156538339166402
    International,,83,0.0369381397418781,81,0.037070938215103,—,,—,,—,,—,,—,,—,,—,,—,,—,,—,,—,,—,,—,,—,,—,,—,,—,,—,,—,,—,,—,,—,,—,,—,,—,,—,,—,,—,,—,,—,,—,,—,,—,,—,,—,,—,,—,,—,
    Other,,3,0.00133511348464619,6,0.00274599542334096,—,,—,,—,,—,,—,,—,,—,,—,,—,,—,,—,,—,,—,,—,,—,,—,,—,,—,,—,,—,,—,,—,,—,,—,,—,,—,,—,,—,,—,,—,,—,,—,,—,,—,,—,,—,,—,,—,
    Domestic,,184,0.0818869603916333,204,0.0933638443935927,—,,—,,—,,—,,—,,—,,—,,—,,—,,—,,—,,—,,—,,—,,—,,—,,—,,—,,—,,—,,—,,—,,—,,—,,—,,—,,—,,—,,—,,—,,—,,—,,—,,—,,—,,—,,—,,—,
  Other,,63,0.0280373831775701,58,0.0265446224256293,67,0.0292704237658366,58,0.025,68,0.0272982737856283,68,0.0255351107773188,85,0.0318829707426857,71,0.0252130681818182,78,0.0277580071174377,80,0.0264988406757204,78,0.0263246709416132,62,0.0210098271772281,70,0.0236008091706001,73,0.0242363877822045,95,0.0328265376641327,89,0.0307426597582038,116,0.0391495106311171,69,0.0226526592252134,115,0.0385259631490787,97,0.0319920844327177,142,0.0471447543160691,80,0.0246609124537608,118,0.0366345855324433,82,0.0256892230576441,165,0.0545094152626363,126,0.0411227154046997,86,0.0292616536236815,101,0.0363178712693276,80,0.0305576776165011,97,0.0358727810650888,77,0.0284132841328413,114,0.0375370431346724,74,0.0257929592192402,157,0.0535288100920559,95,0.034633612832665,108,0.0377226685295145,145,0.0504172461752434,136,0.0438426821405545,151,0.0482582294662832,150,0.0477251034043907
  Adjustment,,—,,—,,—,,—,,—,,—,,—,,—,,—,,—,,—,,—,,—,,—,,—,,-11,,—,,—,,—,,—,,—,,—,,—,,—,,—,,—,,—,,—,,—,,—,,—,,—,,—,,—,,—,,—,,—,,—,,—,,—,
  Rail,,1977,0.879839786381842,1894,0.866819221967963,—,,—,,—,,—,,—,,—,,—,,—,,—,,—,,—,,—,,—,,—,,—,,—,,—,,—,,—,,—,,—,,—,,—,,—,,—,,—,,—,,—,,—,,—,,—,,—,,—,,—,,—,,—,,—,,—,
Operating Income,,522,1.0,577,1.0,594,1.0,579,1.0,632,1.0,—,,—,,—,,—,,—,,—,,—,,—,,—,,—,,—,,—,,—,,—,,—,,—,,—,,—,,—,,—,,—,,—,,—,,—,,—,,—,,—,,—,,—,,—,,—,,—,,—,,—,,—,
  Adjustment,,—,,—,,-4,,-4,,-2,,—,,—,,—,,—,,—,,—,,—,,—,,—,,—,,—,,—,,—,,—,,—,,—,,—,,—,,—,,—,,—,,—,,—,,—,,—,,—,,—,,—,,—,,—,,—,,—,,—,,—,,—,
  Intermodal,,24,0.0459770114942529,36,0.0623916811091854,39,0.0652173913043478,63,0.108061749571184,39,0.0615141955835962,—,,—,,—,,—,,—,,—,,—,,—,,—,,—,,—,,—,,—,,—,,—,,—,,—,,—,,—,,—,,—,,—,,—,,—,,—,,—,,—,,—,,—,,—,,—,,—,,—,,—,,—,
  Rail,,498,0.954022988505747,541,0.937608318890815,559,0.934782608695652,520,0.891938250428816,595,0.938485804416404,—,,—,,—,,—,,—,,—,,—,,—,,—,,—,,—,,—,,—,,—,,—,,—,,—,,—,,—,,—,,—,,—,,—,,—,,—,,—,,—,,—,,—,,—,,—,,—,,—,,—,,—,
Revenue Per Unit,,—,,—,,—,,—,,—,,—,,—,,—,,—,,—,,—,,—,,—,,—,,—,,—,,—,,—,,—,,—,,—,,—,,—,,—,,—,,—,,—,,—,,—,,—,,—,,—,,—,,—,,—,,—,,—,,—,,—,,—,
  Merchandise,,2137,,2021,,2065,,2115,,2232,,2209,,2221,,2279,,2333,,2381,,2382,,2375,,2496,,2516,,2456,,2509,,2578,,2538,,2502,,2573,,2628,,2593,,2576,,2585,,2618,,2507,,2526,,2521,,2577,,2510,,2538,,2571,,2631,,2591,,2593,,2649,,2771,,2768,,2767,,2792,
    Chemicals,,2933,,2933,,3018,,3067,,3134,,3207,,3267,,3274,,3368,,3471,,3509,,3473,,3547,,3583,,3593,,3560,,3600,,3579,,3553,,3526,,3534,,3541,,3509,,3468,,3445,,3354,,3112,,3114,,3120,,3105,,3133,,3161,,3234,,3266,,3329,,3329,,3438,,3479,,3465,,3477,
    Agriculture & Food Product,,—,,—,,—,,—,,—,,—,,—,,—,,—,,—,,—,,—,,—,,—,,—,,—,,—,,—,,—,,—,,—,,—,,—,,—,,—,,—,,2653,,2680,,2669,,2647,,2706,,2756,,2744,,2816,,2717,,2841,,2869,,2920,,2902,,2991,
    Forest Products,,2154,,2078,,2090,,2161,,2222,,2308,,2239,,2286,,2333,,2486,,2452,,2464,,2479,,2592,,2493,,2536,,2589,,2635,,2584,,2595,,2622,,2658,,2714,,2675,,2712,,2730,,2781,,2757,,2779,,2824,,2809,,2871,,2866,,2896,,2828,,2848,,2910,,3028,,3014,,2973,
    Metal & Equipment,,—,,—,,—,,—,,—,,—,,—,,—,,—,,—,,—,,—,,—,,—,,—,,—,,—,,—,,—,,—,,—,,—,,—,,—,,—,,—,,2639,,2585,,2661,,2620,,2857,,2746,,2714,,2657,,2781,,2855,,2906,,2870,,2971,,2769,
    Automotive,,2111,,2093,,2228,,2256,,2297,,2318,,2390,,2396,,2461,,2598,,2651,,2657,,2676,,2721,,2700,,2761,,2790,,2814,,2832,,2832,,2806,,2816,,2798,,2737,,2644,,2608,,2633,,2567,,2566,,2587,,2643,,2662,,2655,,2647,,2562,,2590,,2714,,2797,,2703,,2730,
    Fertilizers,,1450,,1270,,1221,,1256,,1557,,1363,,1372,,1658,,1639,,1488,,1475,,1500,,1638,,1582,,1538,,1622,,1714,,1570,,1550,,1610,,1614,,1663,,1549,,1646,,1744,,1564,,1563,,1622,,1671,,1583,,1444,,1475,,1675,,1513,,1559,,1662,,1813,,1750,,1733,,1833,
    Minerals,,—,,—,,—,,—,,—,,—,,—,,—,,—,,—,,—,,—,,1649,,1529,,1405,,1507,,1684,,1533,,1500,,1597,,1759,,1538,,1530,,1500,,1717,,1464,,1455,,1449,,1621,,1465,,1453,,1488,,1629,,1542,,1500,,1533,,1727,,1593,,1612,,1667,
    Waste & Equipment,,—,,—,,—,,—,,—,,—,,—,,—,,—,,—,,—,,—,,1765,,1972,,1939,,1914,,1781,,1800,,1727,,1744,,1903,,1975,,2043,,—,,2000,,1902,,—,,—,,—,,—,,—,,—,,—,,—,,—,,—,,—,,—,,—,,—,
    Emerging Markets,,1473,,1387,,1459,,1465,,1529,,1478,,1442,,1449,,1526,,1530,,1552,,—,,—,,—,,—,,—,,—,,—,,—,,—,,—,,—,,—,,—,,—,,—,,—,,—,,—,,—,,—,,—,,—,,—,,—,,—,,—,,—,,—,,—,
    Metals,,2021,,1933,,2018,,2000,,2098,,2154,,2193,,2117,,2209,,2324,,2348,,2375,,2375,,2433,,2422,,2433,,2439,,2470,,2448,,2476,,2538,,2486,,2577,,—,,2525,,2557,,—,,—,,—,,—,,—,,—,,—,,—,,—,,—,,—,,—,,—,,—,
    Food and Consumer,,2400,,2360,,2192,,2375,,2360,,2360,,2385,,2500,,2520,,2593,,2667,,2640,,2680,,2720,,2680,,2840,,2833,,2760,,2783,,2833,,2826,,2800,,2783,,—,,2783,,2833,,—,,—,,—,,—,,—,,—,,—,,—,,—,,—,,—,,—,,—,,—,
    Agriculture  Products,,2284,,2198,,2208,,2277,,2342,,2383,,2365,,2380,,2385,,2505,,2438,,2555,,2546,,2584,,2500,,2588,,2537,,2611,,2563,,2664,,2679,,2714,,2653,,—,,2670,,2634,,—,,—,,—,,—,,—,,—,,—,,—,,—,,—,,—,,—,,—,,—,
  Coal,,1726,,1765,,1780,,1756,,1973,,2082,,2130,,2115,,2283,,2469,,2479,,2447,,2514,,2477,,2449,,2449,,2444,,2484,,2408,,2349,,2259,,2255,,2260,,2256,,2208,,2136,,2234,,2060,,1995,,2133,,2256,,2335,,2546,,2548,,2358,,2415,,2502,,2563,,2513,,2548,
    Coal,,1718,,1770,,—,,—,,—,,—,,—,,—,,—,,—,,—,,—,,—,,—,,—,,—,,—,,—,,—,,—,,—,,—,,—,,—,,—,,—,,—,,—,,—,,—,,—,,—,,—,,—,,—,,—,,—,,—,,—,,—,
    Coke and Iron Ore,,1938,,1643,,—,,—,,—,,—,,—,,—,,—,,—,,—,,—,,—,,—,,—,,—,,—,,—,,—,,—,,—,,—,,—,,—,,—,,—,,—,,—,,—,,—,,—,,—,,—,,—,,—,,—,,—,,—,,—,,—,
  Intermodal,,614,,637,,622,,635,,638,,565,,554,,573,,600,,635,,630,,648,,648,,649,,641,,663,,657,,660,,656,,656,,651,,650,,658,,665,,634,,622,,617,,612,,597,,604,,624,,629,,631,,624,,621,,655,,652,,667,,677,,672,
    International,,446,,443,,—,,—,,—,,—,,—,,—,,—,,—,,—,,—,,—,,—,,—,,—,,—,,—,,—,,—,,—,,—,,—,,—,,—,,—,,—,,—,,—,,—,,—,,—,,—,,—,,—,,—,,—,,—,,—,,—,
    Other,,0,,0,,—,,—,,—,,—,,—,,—,,—,,—,,—,,—,,—,,—,,—,,—,,—,,—,,—,,—,,—,,—,,—,,—,,—,,—,,—,,—,,—,,—,,—,,—,,—,,—,,—,,—,,—,,—,,—,,—,
    Domestic,,724,,745,,—,,—,,—,,—,,—,,—,,—,,—,,—,,—,,—,,—,,—,,—,,—,,—,,—,,—,,—,,—,,—,,—,,—,,—,,—,,—,,—,,—,,—,,—,,—,,—,,—,,—,,—,,—,,—,,—,
  Other,,0,,0,,0,,0,,0,,0,,0,,0,,0,,0,,0,,0,,0,,0,,0,,0,,0,,0,,0,,0,,0,,0,,0,,0,,0,,0,,0,,0,,0,,0,,0,,0,,0,,0,,0,,0,,0,,0,,0,,0,
  Rail,,2019,,1985,,—,,—,,—,,—,,—,,—,,—,,—,,—,,—,,—,,—,,—,,—,,—,,—,,—,,—,,—,,—,,—,,—,,—,,—,,—,,—,,—,,—,,—,,—,,—,,—,,—,,—,,—,,—,,—,,—,
Revenue Per Unit Growth %,,—,,—,,—,,—,,—,,—,,—,,—,,—,,—,,—,,—,,—,,—,,—,,—,,—,,—,,—,,—,,—,,—,,—,,—,,—,,—,,—,,—,,—,,—,,—,,—,,—,,—,,—,,—,,—,,—,,—,,—,
  Coal,,—,,2,,-2,,-3,,14,,18,,20,,20,,16,,19,,17,,16,,10,,0,,-1,,0,,-3,,0,,-2,,-4,,-8,,-9,,-6,,-4,,-2,,-5,,-1,,-9,,-10,,0,,1,,13,,4,,19,,5,,3,,-2,,1,,7,,6,
    Coal,,5,,2,,-2,,-2,,15,,—,,—,,—,,—,,—,,—,,—,,—,,—,,—,,—,,—,,—,,—,,—,,—,,—,,—,,—,,—,,—,,—,,—,,—,,—,,—,,—,,—,,—,,—,,—,,—,,—,,—,,—,
    Coke and Iron Ore,,6,,-6,,-7,,-6,,-5,,—,,—,,—,,—,,—,,—,,—,,—,,—,,—,,—,,—,,—,,—,,—,,—,,—,,—,,—,,—,,—,,—,,—,,—,,—,,—,,—,,—,,—,,—,,—,,—,,—,,—,,—,
  Merchandise,,3,,-5,,-8,,-5,,4,,9,,8,,8,,5,,8,,7,,6,,7,,6,,3,,5,,3,,1,,2,,3,,2,,2,,3,,0,,0,,-3,,-2,,-2,,-2,,0,,0,,2,,2,,3,,2,,3,,5,,7,,7,,5,
    Fertilizers,,—,,-11,,-9,,-4,,7,,7,,12,,32,,5,,9,,7,,-10,,-1,,8,,4,,8,,6,,-1,,1,,-1,,-6,,6,,0,,2,,8,,-6,,1,,-1,,-4,,1,,-8,,-9,,0,,-4,,8,,13,,8,,16,,11,,10,
    Minerals,,—,,—,,—,,—,,—,,—,,—,,—,,—,,—,,—,,—,,—,,—,,—,,—,,2,,0,,7,,6,,4,,0,,2,,-6,,-2,,-5,,-5,,-3,,-6,,-2,,1,,3,,0,,5,,3,,3,,6,,3,,7,,9,
    Automotive,,0,,-6,,-10,,-6,,9,,11,,7,,6,,7,,12,,10,,10,,9,,5,,1,,4,,4,,3,,5,,3,,1,,0,,-1,,-3,,-6,,-7,,-6,,-6,,-3,,-1,,0,,4,,3,,2,,-3,,-3,,2,,6,,6,,5,
    Agriculture & Food Product,,—,,—,,—,,—,,—,,—,,—,,—,,—,,—,,—,,—,,—,,—,,—,,—,,—,,—,,—,,—,,—,,—,,—,,—,,—,,—,,—,,—,,—,,—,,2,,3,,3,,6,,0,,3,,5,,4,,7,,5,
    Chemicals,,5,,1,,-2,,2,,7,,9,,8,,7,,7,,8,,8,,7,,6,,2,,3,,2,,1,,0,,-1,,-1,,-2,,-1,,-1,,-2,,-3,,-5,,-5,,-3,,-3,,3,,1,,2,,4,,5,,6,,5,,6,,7,,4,,4,
    Forest Products,,-2,,-9,,-13,,-8,,3,,11,,7,,6,,5,,8,,7,,8,,7,,5,,2,,3,,3,,3,,4,,2,,1,,1,,5,,3,,3,,3,,2,,3,,2,,3,,1,,4,,3,,3,,1,,-1,,2,,5,,7,,4,
    Metal & Equipment,,—,,—,,—,,—,,—,,—,,—,,—,,—,,—,,—,,—,,—,,—,,—,,—,,—,,—,,—,,—,,—,,—,,—,,—,,—,,—,,—,,—,,—,,—,,8,,6,,2,,1,,-3,,4,,7,,8,,7,,-3,
    Waste & Equipment,,—,,—,,—,,—,,—,,—,,—,,—,,—,,—,,—,,—,,—,,—,,—,,—,,2,,-10,,-11,,-9,,7,,10,,18,,—,,5,,-4,,7,,10,,0,,12,,—,,—,,—,,—,,—,,—,,—,,—,,—,,—,
    Emerging Markets,,5,,-3,,-5,,-2,,4,,7,,-1,,-1,,0,,4,,4,,—,,11,,10,,1,,9,,—,,—,,—,,—,,—,,—,,—,,—,,—,,—,,—,,—,,—,,—,,—,,—,,—,,—,,—,,—,,—,,—,,—,,—,
    Metals,,-6,,-12,,-14,,-12,,4,,11,,9,,6,,5,,8,,7,,10,,7,,4,,3,,3,,3,,2,,1,,2,,4,,1,,5,,—,,-1,,3,,0,,0,,9,,2,,—,,—,,—,,—,,—,,—,,—,,—,,—,,—,
    Food and Consumer,,0,,-6,,-19,,-12,,-2,,0,,9,,5,,7,,10,,8,,8,,5,,5,,3,,7,,4,,2,,4,,0,,0,,1,,0,,—,,-2,,1,,0,,-2,,-2,,-2,,—,,—,,—,,—,,—,,—,,—,,—,,—,,—,
    Agriculture  Products,,6,,-4,,-9,,-8,,3,,8,,7,,5,,2,,5,,4,,6,,7,,2,,3,,1,,0,,2,,3,,3,,6,,4,,4,,—,,0,,-3,,-1,,-3,,0,,-1,,—,,—,,—,,—,,—,,—,,—,,—,,—,,—,
  Intermodal,,-10,,-12,,-16,,-3,,5,,-9,,-11,,-10,,-6,,15,,8,,13,,10,,2,,2,,2,,1,,2,,2,,-1,,1,,-2,,0,,1,,-3,,-4,,-6,,-8,,-6,,-3,,1,,3,,6,,3,,0,,4,,3,,7,,9,,3,
    International,,-8,,-15,,-14,,-6,,4,,—,,—,,—,,—,,—,,—,,—,,—,,—,,—,,—,,—,,—,,—,,—,,—,,—,,—,,—,,—,,—,,—,,—,,—,,—,,—,,—,,—,,—,,—,,—,,—,,—,,—,,—,
    Other,,0,,0,,0,,0,,0,,—,,—,,—,,—,,—,,—,,—,,—,,—,,—,,—,,—,,—,,—,,—,,—,,—,,—,,—,,—,,—,,—,,—,,—,,—,,—,,—,,—,,—,,—,,—,,—,,—,,—,,—,
    Domestic,,-15,,-17,,-21,,-3,,7,,—,,—,,—,,—,,—,,—,,—,,—,,—,,—,,—,,—,,—,,—,,—,,—,,—,,—,,—,,—,,—,,—,,—,,—,,—,,—,,—,,—,,—,,—,,—,,—,,—,,—,,—,
  Other,,0,,0,,0,,0,,0,,0,,0,,0,,0,,—,,0,,0,,0,,0,,0,,0,,0,,0,,0,,0,,0,,0,,0,,0,,0,,0,,0,,0,,0,,0,,0,,0,,2,,0,,0,,0,,0,,0,,0,,0,
  Rail,,3,,-2,,-5,,-4,,9,,—,,—,,—,,—,,—,,—,,—,,—,,—,,—,,—,,—,,—,,—,,—,,—,,—,,—,,—,,—,,—,,—,,—,,—,,—,,—,,—,,—,,—,,—,,—,,—,,—,,—,,—,
Revenue Growth %,,—,,—,,—,,—,,—,,—,,—,,—,,—,,—,,—,,—,,—,,—,,—,,—,,—,,—,,—,,—,,—,,—,,—,,—,,—,,—,,—,,—,,—,,—,,—,,—,,—,,—,,—,,—,,—,,—,,—,,—,
  Other,,7,,-5,,5,,-32,,2,,6,,27,,22,,7,,7,,-15,,-12,,-11,,-9,,23,,26,,60,,25,,36,,9,,22,,16,,3,,-15,,16,,58,,-27,,23,,-52,,-23,,23,,13,,-8,,62,,23,,-5,,96,,-13,,59,,39,
  Merchandise,,-20,,-26,,-23,,-10,,11,,24,,15,,19,,12,,11,,10,,9,,10,,6,,3,,4,,2,,4,,7,,10,,4,,11,,12,,6,,1,,-6,,-6,,-7,,-4,,-5,,-3,,6,,6,,1,,-3,,-8,,-3,,6,,12,,10,
    Metal & Equipment,,—,,—,,—,,—,,—,,—,,—,,—,,—,,—,,—,,—,,—,,—,,—,,—,,—,,—,,—,,—,,—,,—,,—,,—,,—,,—,,—,,—,,—,,—,,-1,,3,,15,,-4,,-1,,-9,,-2,,11,,15,,15,
    Forest Products,,-27,,-35,,-35,,-26,,0,,13,,7,,19,,15,,16,,20,,6,,12,,6,,2,,3,,4,,6,,9,,10,,3,,8,,5,,7,,2,,-4,,-3,,-6,,-5,,-5,,-5,,4,,2,,1,,-5,,-6,,2,,11,,23,,15,
    Minerals,,—,,—,,—,,—,,—,,—,,—,,—,,—,,—,,—,,—,,—,,—,,—,,—,,2,,7,,10,,3,,-1,,7,,11,,7,,8,,0,,1,,1,,-3,,11,,-4,,5,,21,,2,,-4,,-3,,0,,7,,14,,13,
    Automotive,,-53,,-45,,-35,,-3,,79,,81,,54,,31,,29,,11,,16,,14,,28,,34,,18,,15,,4,,5,,6,,6,,-6,,1,,7,,-3,,-3,,-2,,-6,,-1,,9,,0,,-12,,15,,9,,-2,,-12,,-14,,-4,,7,,12,,10,
    Chemicals,,-15,,-19,,-14,,-2,,14,,21,,14,,20,,12,,11,,8,,0,,5,,4,,4,,8,,13,,11,,11,,17,,10,,17,,19,,13,,3,,-5,,-5,,-9,,-6,,-10,,1,,4,,4,,3,,1,,-4,,-2,,7,,9,,10,
    Agriculture & Food Product,,—,,—,,—,,—,,—,,—,,—,,—,,—,,—,,—,,—,,—,,—,,—,,—,,—,,—,,—,,—,,—,,—,,—,,—,,—,,—,,—,,—,,—,,—,,-2,,8,,3,,5,,-2,,-11,,-8,,2,,13,,8,
    Fertilizers,,-33,,-27,,-20,,14,,41,,16,,14,,29,,11,,9,,10,,-7,,-4,,6,,5,,13,,10,,8,,1,,-7,,-7,,6,,2,,5,,1,,-15,,-13,,-8,,-7,,-7,,2,,-2,,2,,4,,2,,-4,,-10,,-5,,-2,,-3,
    Waste & Equipment,,—,,—,,—,,—,,—,,—,,—,,—,,—,,—,,—,,—,,—,,—,,—,,—,,-5,,-11,,19,,1,,4,,25,,24,,—,,5,,1,,-10,,8,,6,,9,,—,,—,,—,,—,,—,,—,,—,,—,,—,,—,
    Emerging Markets,,-17,,-23,,-18,,-14,,-3,,14,,3,,7,,12,,7,,11,,—,,6,,0,,-7,,2,,—,,—,,—,,—,,—,,—,,—,,—,,—,,—,,—,,—,,—,,—,,—,,—,,—,,—,,—,,—,,—,,—,,—,,—,
    Metals,,-51,,-59,,-48,,-19,,32,,61,,13,,22,,16,,13,,24,,19,,15,,3,,0,,-4,,-5,,0,,6,,7,,2,,13,,12,,—,,-7,,-15,,-15,,-22,,-10,,-6,,—,,—,,—,,—,,—,,—,,—,,—,,—,,—,
    Food and Consumer,,-8,,-16,,-22,,-22,,-2,,0,,9,,14,,7,,19,,3,,2,,7,,-3,,5,,6,,1,,1,,-4,,-4,,-4,,1,,0,,—,,-2,,-3,,0,,-6,,-6,,-6,,—,,—,,—,,—,,—,,—,,—,,—,,—,,—,
    Agriculture  Products,,6,,-5,,-14,,-6,,7,,9,,10,,13,,-3,,7,,-5,,-2,,6,,-5,,-6,,-11,,-12,,-5,,1,,20,,18,,15,,17,,—,,2,,-7,,-1,,-9,,-10,,-9,,—,,—,,—,,—,,—,,—,,—,,—,,—,,—,
  Coal,,-2,,-20,,-20,,-24,,-1,,26,,23,,34,,19,,15,,15,,4,,-5,,-14,,-17,,-18,,-13,,-6,,-9,,-9,,-9,,-3,,0,,6,,-4,,-15,,-19,,-38,,-37,,-34,,10,,23,,31,,27,,10,,-2,,-4,,7,,14,,8,
    Coal,,-1,,-18,,-19,,-25,,-2,,—,,—,,—,,—,,—,,—,,—,,—,,—,,—,,—,,—,,—,,—,,—,,—,,—,,—,,—,,—,,—,,—,,—,,—,,—,,—,,—,,—,,—,,—,,—,,—,,—,,—,,—,
    Coke and Iron Ore,,-26,,-51,,-44,,-18,,13,,—,,—,,—,,—,,—,,—,,—,,—,,—,,—,,—,,—,,—,,—,,—,,—,,—,,—,,—,,—,,—,,—,,—,,—,,—,,—,,—,,—,,—,,—,,—,,—,,—,,—,,—,
  Intermodal,,-22,,-24,,-24,,2,,20,,7,,6,,5,,4,,24,,16,,7,,19,,10,,10,,6,,4,,4,,8,,10,,4,,6,,6,,6,,-1,,0,,-1,,-4,,-2,,-7,,5,,7,,7,,7,,5,,-1,,3,,9,,12,,4,
    International,,-33,,-41,,-33,,-13,,23,,—,,—,,—,,—,,—,,—,,—,,—,,—,,—,,—,,—,,—,,—,,—,,—,,—,,—,,—,,—,,—,,—,,—,,—,,—,,—,,—,,—,,—,,—,,—,,—,,—,,—,,—,
    Other,,-57,,0,,-43,,-30,,33,,—,,—,,—,,—,,—,,—,,—,,—,,—,,—,,—,,—,,—,,—,,—,,—,,—,,—,,—,,—,,—,,—,,—,,—,,—,,—,,—,,—,,—,,—,,—,,—,,—,,—,,—,
    Domestic,,-16,,-16,,-19,,11,,18,,—,,—,,—,,—,,—,,—,,—,,—,,—,,—,,—,,—,,—,,—,,—,,—,,—,,—,,—,,—,,—,,—,,—,,—,,—,,—,,—,,—,,—,,—,,—,,—,,—,,—,,—,
  Rail,,-16,,-25,,-22,,-15,,10,,—,,—,,—,,—,,—,,—,,—,,—,,—,,—,,—,,—,,—,,—,,—,,—,,—,,—,,—,,—,,—,,—,,—,,—,,—,,—,,—,,—,,—,,—,,—,,—,,—,,—,,—,
Operating Ratio,,—,,—,,—,,—,,—,,—,,—,,—,,—,,—,,—,,—,,—,,—,,—,,—,,—,,—,,—,,—,,—,,—,,—,,—,,—,,—,,—,,—,,—,,—,,—,,—,,—,,—,,—,,—,,—,,—,,—,,—,
  Intermodal,,91.1,,87.6,,87.1,,86.5,,87.9,,—,,—,,—,,—,,—,,—,,—,,—,,—,,—,,—,,—,,—,,—,,—,,—,,—,,—,,—,,—,,—,,—,,—,,—,,—,,—,,—,,—,,—,,—,,—,,—,,—,,—,,—,
  Rail,,74.8,,71.2,,71.9,,72.9,,72.6,,—,,—,,—,,—,,—,,—,,—,,—,,—,,—,,—,,—,,—,,—,,—,,—,,—,,—,,—,,—,,—,,—,,—,,—,,—,,—,,—,,—,,—,,—,,—,,—,,—,,—,,—,
Transportation Fuel,,—,,—,,—,,—,,—,,—,,—,,—,,—,,—,,—,,—,,—,,—,,—,,—,,—,,—,,—,,—,,—,,—,,—,,—,,—,,—,,—,,—,,150,1.0,172,1.0,174,1.0,217,1.0,218,1.0,198,1.0,205,1.0,243,1.0,255,1.0,270,1.0,268,1.0,253,1.0
  Locomotive,,—,,—,,—,,—,,—,,—,,—,,—,,—,,—,,—,,—,,—,,—,,—,,—,,—,,—,,—,,—,,—,,—,,—,,—,,—,,—,,—,,—,,135,0.9,158,0.918604651162791,157,0.902298850574713,199,0.91705069124424,198,0.908256880733945,180,0.909090909090909,187,0.91219512195122,223,0.917695473251029,229,0.898039215686275,249,0.922222222222222,249,0.92910447761194,241,0.952569169960474
  Non - Locomotive,,—,,—,,—,,—,,—,,—,,—,,—,,—,,—,,—,,—,,—,,—,,—,,—,,—,,—,,—,,—,,—,,—,,—,,—,,—,,—,,—,,—,,15,0.1,14,0.0813953488372093,17,0.0977011494252873,18,0.0829493087557604,20,0.0917431192660551,18,0.0909090909090909,18,0.0878048780487805,20,0.0823045267489712,26,0.101960784313725,21,0.0777777777777778,19,0.0708955223880597,12,0.0474308300395257
Total Operating Expense,,1725,1.0,1603,1.0,1691,1.0,1737,1.0,1857,1.0,—,,—,,—,,—,,—,,—,,—,,—,,—,,—,,—,,—,,—,,—,,—,,—,,—,,—,,—,,—,,—,,—,,—,,—,,—,,—,,—,,—,,—,,—,,—,,—,,—,,—,,—,
  Intermodal,,246,0.142608695652174,255,0.159076731129133,264,0.15612063867534,277,0.159470351180196,284,0.152934841141626,—,,—,,—,,—,,—,,—,,—,,—,,—,,—,,—,,—,,—,,—,,—,,—,,—,,—,,—,,—,,—,,—,,—,,—,,—,,—,,—,,—,,—,,—,,—,,—,,—,,—,,—,
  Rail,,1479,0.857391304347826,1348,0.840923268870867,1427,0.84387936132466,1460,0.840529648819804,1573,0.847065158858374,—,,—,,—,,—,,—,,—,,—,,—,,—,,—,,—,,—,,—,,—,,—,,—,,—,,—,,—,,—,,—,,—,,—,,—,,—,,—,,—,,—,,—,,—,,—,,—,,—,,—,,—,
Assets,,—,,—,,—,,26887,1.0,—,,—,,—,,—,,—,,—,,—,,—,,—,,—,,—,,—,,—,,—,,—,,—,,—,,—,,—,,—,,—,,—,,—,,—,,—,,—,,—,,—,,—,,—,,—,,—,,—,,—,,—,,—,
  Adjustment,,—,,—,,—,,421,,—,,—,,—,,—,,—,,—,,—,,—,,—,,—,,—,,—,,—,,—,,—,,—,,—,,—,,—,,—,,—,,—,,—,,—,,—,,—,,—,,—,,—,,—,,—,,—,,—,,—,,—,,—,
  Intermodal,,—,,—,,—,,359,0.0135645734149475,—,,—,,—,,—,,—,,—,,—,,—,,—,,—,,—,,—,,—,,—,,—,,—,,—,,—,,—,,—,,—,,—,,—,,—,,—,,—,,—,,—,,—,,—,,—,,—,,—,,—,,—,,—,
  Rail,,—,,—,,—,,26107,0.986435426585053,—,,—,,—,,—,,—,,—,,—,,—,,—,,—,,—,,—,,—,,—,,—,,—,,—,,—,,—,,—,,—,,—,,—,,—,,—,,—,,—,,—,,—,,—,,—,,—,,—,,—,,—,,—,
Sales Change - Volume %,,—,,—,,—,,—,,—,,—,,—,,—,,—,,—,,—,,—,,—,,—,,—,,—,,—,,—,,—,,—,,—,,—,,—,,—,,—,,—,,—,,—,,—,,—,,—,,—,,—,,—,,—,,—,,—,,—,,—,,—,
  Merchandise,,-23,,-22,,-17,,-5,,7,,14,,7,,11,,7,,3,,2,,3,,3,,1,,0,,-1,,-1,,3,,5,,7,,2,,8,,9,,5,,2,,-3,,-4,,-5,,-3,,-5,,-5,,4,,4,,-2,,-5,,-11,,-8,,-1,,5,,4,
    Metal & Equipment,,—,,—,,—,,—,,—,,—,,—,,—,,—,,—,,—,,—,,—,,—,,—,,—,,—,,—,,—,,—,,—,,—,,—,,—,,—,,—,,—,,—,,—,,—,,-13,,-3,,13,,-6,,2,,-13,,-9,,3,,8,,18,
    Forest Products,,-25,,-29,,-26,,-19,,-3,,2,,0,,13,,10,,8,,9,,-1,,6,,1,,0,,0,,1,,3,,5,,7,,1,,7,,0,,4,,-1,,-6,,-5,,-9,,-7,,-8,,-7,,0,,-1,,-1,,-6,,-6,,0,,6,,16,,11,
    Chemicals,,-19,,-20,,-12,,-4,,7,,10,,5,,13,,4,,3,,0,,-7,,0,,1,,2,,6,,11,,11,,12,,18,,12,,18,,20,,15,,6,,1,,0,,-6,,-3,,-13,,-7,,2,,0,,-2,,-5,,-9,,-7,,0,,5,,5,
    Automotive,,-53,,-41,,-28,,3,,64,,63,,44,,23,,20,,-1,,4,,4,,18,,27,,17,,10,,0,,2,,1,,4,,-7,,1,,8,,1,,3,,5,,0,,5,,12,,1,,6,,11,,5,,-4,,-9,,-12,,-6,,2,,6,,4,
    Minerals,,—,,—,,—,,—,,—,,—,,—,,—,,—,,—,,—,,—,,—,,—,,—,,—,,0,,7,,3,,-3,,-5,,7,,9,,13,,11,,5,,6,,4,,3,,13,,-1,,3,,21,,-3,,-7,,-6,,-6,,4,,6,,4,
    Agriculture & Food Product,,—,,—,,—,,—,,—,,—,,—,,—,,—,,—,,—,,—,,—,,—,,—,,—,,—,,—,,—,,—,,—,,—,,—,,—,,—,,—,,—,,—,,—,,—,,-10,,5,,0,,-2,,-3,,-14,,-12,,-2,,6,,3,
    Fertilizers,,-34,,-18,,-11,,18,,32,,8,,1,,-3,,5,,0,,2,,3,,-3,,-1,,0,,5,,5,,9,,0,,-6,,-1,,0,,3,,3,,-6,,-9,,-13,,-6,,-3,,-8,,1,,8,,1,,8,,-6,,-15,,-17,,-18,,-12,,-12,
    Waste & Equipment,,—,,—,,—,,—,,—,,—,,—,,—,,—,,—,,—,,—,,—,,—,,—,,—,,-7,,-2,,33,,11,,-3,,14,,5,,—,,0,,3,,-15,,-2,,6,,-2,,—,,—,,—,,—,,—,,—,,—,,—,,—,,—,
    Emerging Markets,,-21,,-20,,-13,,-12,,-7,,7,,4,,8,,12,,4,,3,,—,,—,,-10,,-8,,—,,—,,—,,—,,—,,—,,—,,—,,—,,—,,—,,—,,—,,—,,—,,—,,—,,—,,—,,—,,—,,—,,—,,—,,—,
    Metals,,-48,,-53,,-40,,-9,,27,,44,,4,,15,,10,,5,,15,,8,,8,,-1,,-3,,-7,,-8,,-2,,5,,5,,-2,,12,,6,,—,,-6,,-18,,-15,,-23,,-18,,-8,,—,,—,,—,,—,,—,,—,,—,,—,,—,,—,
    Food and Consumer,,-7,,-11,,-4,,-11,,0,,0,,0,,8,,0,,8,,-5,,-6,,1,,-7,,2,,0,,-3,,-1,,-8,,-4,,4,,0,,0,,—,,0,,-4,,0,,-4,,-4,,-4,,—,,—,,—,,—,,—,,—,,—,,—,,—,,—,
    Agriculture  Products,,0,,-2,,-5,,3,,5,,1,,3,,8,,-4,,2,,-9,,-8,,-1,,-7,,-8,,-12,,-12,,-7,,-1,,16,,12,,11,,13,,—,,3,,-4,,0,,-6,,-9,,-8,,—,,—,,—,,—,,—,,—,,—,,—,,—,,—,
  Coal,,-7,,-21,,-18,,-23,,-13,,7,,3,,12,,3,,-3,,-1,,-8,,-14,,-14,,-16,,-19,,-10,,-6,,-7,,-5,,-1,,6,,7,,11,,-1,,-11,,-18,,-32,,-31,,-34,,-21,,8,,3,,7,,5,,-5,,-2,,7,,7,,3,
    Coal,,-6,,-20,,-17,,-23,,-15,,—,,—,,—,,—,,—,,—,,—,,—,,—,,—,,—,,—,,—,,—,,—,,—,,—,,—,,—,,—,,—,,—,,—,,—,,—,,—,,—,,—,,—,,—,,—,,—,,—,,—,,—,
    Coke and Iron Ore,,-30,,-48,,-39,,-14,,19,,—,,—,,—,,—,,—,,—,,—,,—,,—,,—,,—,,—,,—,,—,,—,,—,,—,,—,,—,,—,,—,,—,,—,,—,,—,,—,,—,,—,,—,,—,,—,,—,,—,,—,,—,
  Intermodal,,-13,,-14,,-10,,5,,14,,18,,19,,17,,11,,8,,0,,-5,,9,,8,,8,,4,,3,,2,,6,,11,,5,,7,,5,,5,,1,,5,,6,,4,,4,,-4,,-7,,4,,1,,3,,5,,-5,,0,,2,,3,,2,
    International,,-26,,-30,,-22,,-7,,18,,—,,—,,—,,—,,—,,—,,—,,—,,—,,—,,—,,—,,—,,—,,—,,—,,—,,—,,—,,—,,—,,—,,—,,—,,—,,—,,—,,—,,—,,—,,—,,—,,—,,—,,—,
    Other,,0,,0,,0,,0,,0,,—,,—,,—,,—,,—,,—,,—,,—,,—,,—,,—,,—,,—,,—,,—,,—,,—,,—,,—,,—,,—,,—,,—,,—,,—,,—,,—,,—,,—,,—,,—,,—,,—,,—,,—,
    Domestic,,0,,2,,2,,15,,11,,—,,—,,—,,—,,—,,—,,—,,—,,—,,—,,—,,—,,—,,—,,—,,—,,—,,—,,—,,—,,—,,—,,—,,—,,—,,—,,—,,—,,—,,—,,—,,—,,—,,—,,—,
  Other,,0,,0,,0,,0,,0,,0,,0,,0,,0,,0,,0,,0,,0,,0,,0,,0,,0,,0,,0,,0,,0,,0,,0,,0,,0,,0,,0,,0,,0,,0,,0,,0,,0,,0,,0,,0,,0,,0,,0,,0,
  Rail,,-19,,-23,,-18,,-12,,1,,—,,—,,—,,—,,—,,—,,—,,—,,—,,—,,—,,—,,—,,—,,—,,—,,—,,—,,—,,—,,—,,—,,—,,—,,—,,—,,—,,—,,—,,—,,—,,—,,—,,—,,—,
Depreciation and Amortization,,224,1.0,227,1.0,227,1.0,226,1.0,228,1.0,—,,—,,—,,—,,—,,—,,—,,—,,—,,—,,—,,—,,—,,—,,—,,—,,—,,—,,—,,—,,—,,—,,—,,—,,—,,—,,—,,—,,—,,—,,—,,—,,—,,—,,—,
  Intermodal,,6,0.0267857142857143,7e-06,0.0308370044052863,6,0.0263157894736842,6,0.026431718061674,6,0.0262008733624454,—,,—,,—,,—,,—,,—,,—,,—,,—,,—,,—,,—,,—,,—,,—,,—,,—,,—,,—,,—,,—,,—,,—,,—,,—,,—,,—,,—,,—,,—,,—,,—,,—,,—,,—,
  Reconciliation,,—,,226.999773,,-1,,-1,,-1,,—,,—,,—,,—,,—,,—,,—,,—,,—,,—,,—,,—,,—,,—,,—,,—,,—,,—,,—,,—,,—,,—,,—,,—,,—,,—,,—,,—,,—,,—,,—,,—,,—,,—,,—,
  Rail,,218,0.973214285714286,0.00022,0.969162995594714,222,0.973684210526316,221,0.973568281938326,223,0.973799126637555,—,,—,,—,,—,,—,,—,,—,,—,,—,,—,,—,,—,,—,,—,,—,,—,,—,,—,,—,,—,,—,,—,,—,,—,,—,,—,,—,,—,,—,,—,,—,,—,,—,,—,,—,
Cargo Tonnes,,47000000,1.0,41700000,1.0,42400000,1.0,40500000,1.0,41400000,1.0,44500000,1.0,43300000,1.0,45300000,1.0,42800000,1.0,43200000,1.0,43300000,1.0,41800000,1.0,37000000,1.0,37000000,1.0,36300000,1.0,34200000,1.0,33200000,1.0,34900000,1.0,33600000,1.0,32500000,1.0,33000000,1.0,37500000,1.0,36100000,1.0,36300000,1.0,32700000,1.0,33700000,1.0,29900000,1.0,25000000,1.0,22700000,1.0,22100000,1.0,23700000,1.0,27100000,1.0,23200000,1.0,23600000,1.0,24900000,1.0,25600000,1.0,22900000,1.0,25100000,1.0,26500000,1.0,25900000,1.0
  Coal,,47000000,1.0,41700000,1.0,42400000,1.0,40500000,1.0,41400000,1.0,44500000,1.0,43300000,1.0,45300000,1.0,42800000,1.0,43200000,1.0,43300000,1.0,41800000,1.0,37000000,1.0,37000000,1.0,36300000,1.0,34200000,1.0,33200000,1.0,34900000,1.0,33600000,1.0,32500000,1.0,33000000,1.0,37500000,1.0,36100000,1.0,36300000,1.0,32700000,1.0,33700000,1.0,29900000,1.0,25000000,1.0,22700000,1.0,22100000,1.0,23700000,1.0,27100000,1.0,23200000,1.0,23600000,1.0,24900000,1.0,25600000,1.0,22900000,1.0,25100000,1.0,26500000,1.0,25900000,1.0
    Domestic,,39700000,0.84468085106383,35600000,0.853717026378897,35300000,0.832547169811321,32700000,0.807407407407407,32300000,0.780193236714976,34400000,0.773033707865169,34400000,0.79445727482679,35100000,0.774834437086093,30600000,0.714953271028037,30800000,0.712962962962963,32200000,0.74364896073903,29300000,0.700956937799043,24500000,0.662162162162162,22300000,0.602702702702703,25300000,0.696969696969697,24600000,0.719298245614035,20900000,0.629518072289157,23400000,0.670487106017192,23600000,0.702380952380952,22300000,0.686153846153846,22500000,0.681818181818182,27200000,0.725333333333333,27400000,0.759002770083102,26800000,0.738292011019284,22900000,0.700305810397553,25300000,0.750741839762611,23300000,0.779264214046823,19000000,0.76,16900000,0.744493392070484,15800000,0.714932126696833,18200000,0.767932489451477,19000000,0.701107011070111,14500000,0.625,15400000,0.652542372881356,16100000,0.646586345381526,15100000,0.58984375,12300000,0.537117903930131,13700000,0.545816733067729,15800000,0.59622641509434,15500000,0.598455598455598
      Other,,2700000,0.0574468085106383,3000000,0.0719424460431655,3900000,0.0919811320754717,3900000,0.0962962962962963,2500000,0.0603864734299517,3900000,0.0876404494382022,4200000,0.0969976905311778,4000000,0.0883002207505519,2500000,0.058411214953271,4000000,0.0925925925925926,3700000,0.0854503464203233,3900000,0.0933014354066986,—,,—,,—,,—,,—,,—,,—,,—,,—,,—,,—,,—,,—,,—,,—,,—,,—,,—,,—,,—,,—,,—,,—,,—,,—,,—,,—,,—,
"      Coke and Iron Ore, Other",,—,,—,,—,,—,,—,,—,,—,,—,,—,,—,,—,,—,,5700000,0.154054054054054,6700000,0.181081081081081,6600000,0.181818181818182,6600000,0.192982456140351,4700000,0.141566265060241,6400000,0.183381088825215,6300000,0.1875,6700000,0.206153846153846,4800000,0.145454545454545,6200000,0.165333333333333,7300000,0.202216066481994,7800000,0.214876033057851,5300000,0.162079510703364,7100000,0.210682492581602,6500000,0.217391304347826,5400000,0.216,4600000,0.202643171806167,4700000,0.212669683257919,5000000,0.210970464135021,—,,—,,—,,—,,—,,—,,—,,—,,—,
      Utility,,37000000,0.787234042553192,32600000,0.781774580335731,31400000,0.740566037735849,28800000,0.711111111111111,29800000,0.719806763285024,30500000,0.685393258426966,30200000,0.697459584295612,31100000,0.686534216335541,28100000,0.656542056074766,26800000,0.62037037037037,28500000,0.658198614318707,25400000,0.607655502392344,18800000,0.508108108108108,15600000,0.421621621621622,18700000,0.515151515151515,18000000,0.526315789473684,16200000,0.487951807228916,17000000,0.487106017191977,17300000,0.514880952380952,15600000,0.48,17700000,0.536363636363636,21000000,0.56,20100000,0.556786703601108,19000000,0.523415977961432,17600000,0.53822629969419,18200000,0.540059347181009,16800000,0.561872909698997,13600000,0.544,12300000,0.541850220264317,11100000,0.502262443438914,13200000,0.556962025316456,—,,—,,—,,—,,—,,—,,—,,—,,—,
    Export,,6100000,0.129787234042553,4800000,0.115107913669065,5500000,0.129716981132075,6100000,0.150617283950617,7400000,0.178743961352657,8000000,0.179775280898876,6600000,0.152424942263279,8200000,0.181015452538631,10700000,0.25,10400000,0.240740740740741,8800000,0.203233256351039,10400000,0.248803827751196,12500000,0.337837837837838,14700000,0.397297297297297,11000000,0.303030303030303,9600000,0.280701754385965,12300000,0.370481927710843,11500000,0.329512893982808,10000000,0.297619047619048,10200000,0.313846153846154,10500000,0.318181818181818,10300000,0.274666666666667,8700000,0.240997229916898,9500000,0.261707988980716,9800000,0.299694189602446,8400000,0.249258160237389,6600000,0.220735785953177,6000000,0.24,5800000,0.255506607929515,6300000,0.285067873303167,5500000,0.232067510548523,8100000,0.298892988929889,8700000,0.375,8200000,0.347457627118644,8800000,0.353413654618474,10500000,0.41015625,10600000,0.462882096069869,11400000,0.454183266932271,10700000,0.40377358490566,10400000,0.401544401544402
      Thermal,,—,,—,,—,,—,,—,,—,,—,,—,,—,,—,,—,,—,,6200000,0.167567567567568,8800000,0.237837837837838,4600000,0.126721763085399,4400000,0.128654970760234,5300000,0.159638554216867,5100000,0.146131805157593,4200000,0.125,4500000,0.138461538461538,4300000,0.13030303030303,4500000,0.12,3200000,0.0886426592797784,3600000,0.0991735537190083,4000000,0.122324159021407,3200000,0.0949554896142433,2300000,0.0769230769230769,2400000,0.096,1500000,0.066079295154185,1800000,0.081447963800905,1500000,0.0632911392405063,—,,—,,—,,—,,—,,—,,—,,—,,—,
      Metallurgical,,—,,—,,—,,—,,—,,—,,—,,—,,—,,—,,—,,—,,6300000,0.17027027027027,5900000,0.159459459459459,6400000,0.176308539944904,5200000,0.152046783625731,7000000,0.210843373493976,6400000,0.183381088825215,5800000,0.172619047619048,5700000,0.175384615384615,6200000,0.187878787878788,5800000,0.154666666666667,5500000,0.152354570637119,5900000,0.162534435261708,5800000,0.17737003058104,5200000,0.154302670623145,4300000,0.1438127090301,3600000,0.144,4300000,0.18942731277533,4500000,0.203619909502262,4000000,0.168776371308017,—,,—,,—,,—,,—,,—,,—,,—,,—,
    Coke & Iron Ore,,1200000,0.025531914893617,1300000,0.0311750599520384,1600000,0.0377358490566038,1700000,0.0419753086419753,1700000,0.0410628019323672,2100000,0.0471910112359551,2300000,0.0531177829099307,2000000,0.0441501103752759,1500000,0.0350467289719626,2000000,0.0462962962962963,2300000,0.0531177829099307,2100000,0.0502392344497608,—,,—,,—,,—,,—,,—,,—,,—,,—,,—,,—,,—,,—,,—,,—,,—,,—,,—,,—,,—,,—,,—,,—,,—,,—,,—,,—,,—,
Carloads/Unit Volumes,,1419,1.0,1411,1.0,1465,1.0,1498,1.0,1486,1.0,1598,1.0,1609,1.0,1691,1.0,1592,1.0,1646,1.0,1619,1.0,1619,1.0,1602,1.0,1640,1.0,1600,1.0,1567,1.0,1578,1.0,1656,1.0,1643,1.0,1662,1.0,1620,1.0,1781,1.0,1758,1.0,1763,1.0,1635,1.0,1759,1.0,1712,1.0,1655,1.0,1551,1.0,1595,1.0,1574,1.0,1731,1.0,1592,1.0,1620,1.0,1587,1.0,1601,1.0,1532,1.0,1646,1.0,1656,1.0,1648,1.0
  Intermodal,,440,0.310077519379845,457,0.32388377037562,481,0.328327645051195,524,0.349799732977303,500,0.336473755047106,538,0.336670838548185,574,0.356743318831572,611,0.361324659964518,553,0.347361809045226,581,0.352976913730255,576,0.355775169857937,579,0.35762816553428,600,0.374531835205993,629,0.383536585365854,622,0.38875,600,0.382897255902999,615,0.389733840304183,644,0.388888888888889,657,0.399878271454656,666,0.40072202166065,647,0.399382716049383,691,0.387984278495227,691,0.393060295790671,699,0.396483267158253,655,0.400611620795107,723,0.411028993746447,731,0.426985981308411,729,0.440483383685801,678,0.437137330754352,694,0.435109717868339,681,0.432655654383736,758,0.43789716926632,688,0.4321608040201,718,0.44320987654321,718,0.452425960932577,719,0.449094316052467,689,0.449738903394256,735,0.446537059538275,739,0.446256038647343,732,0.444174757281553
    International,,186,0.13107822410148,—,,—,,—,,—,,—,,—,,—,,—,,—,,—,,—,,—,,—,,—,,—,,—,,—,,—,,—,,—,,—,,—,,—,,—,,—,,—,,—,,—,,—,,—,,—,,—,,—,,—,,—,,—,,—,,—,,—,
    Other,,0,,—,,—,,—,,—,,—,,—,,—,,—,,—,,—,,—,,—,,—,,—,,—,,—,,—,,—,,—,,—,,—,,—,,—,,—,,—,,—,,—,,—,,—,,—,,—,,—,,—,,—,,—,,—,,—,,—,,—,
    Domestic,,254,0.178999295278365,—,,—,,—,,—,,—,,—,,—,,—,,—,,—,,—,,—,,—,,—,,—,,—,,—,,—,,—,,—,,—,,—,,—,,—,,—,,—,,—,,—,,—,,—,,—,,—,,—,,—,,—,,—,,—,,—,,—,
  Merchandise,,503,0.354474982381959,579,0.410347271438696,602,0.410921501706485,609,0.406542056074766,613,0.412516823687752,659,0.412390488110138,643,0.399627097576134,673,0.397989355410999,654,0.410804020100502,677,0.411300121506683,657,0.405806053119209,666,0.41136504014824,671,0.418851435705368,680,0.414634146341463,655,0.409375,662,0.422463305679643,666,0.422053231939163,702,0.423913043478261,687,0.418137553256239,707,0.425391095066185,680,0.419753086419753,760,0.426726558113419,748,0.425483503981798,744,0.422007941009643,691,0.42262996941896,741,0.421262080727686,720,0.420560747663551,708,0.427794561933535,673,0.43391360412637,706,0.442633228840125,686,0.435832274459975,737,0.42576545349509,699,0.439070351758794,694,0.428395061728395,651,0.410207939508507,658,0.410993129294191,642,0.419060052219321,689,0.418590522478736,683,0.41243961352657,686,0.41626213592233
    Chemicals,,105,0.0739957716701903,105,0.0744153082919915,110,0.0750853242320819,104,0.0694259012016021,112,0.0753701211305518,116,0.0725907384230288,116,0.072094468614046,117,0.0691898285038439,117,0.0734924623115578,119,0.0722964763061968,116,0.0716491661519457,110,0.0679431747992588,117,0.0730337078651685,120,0.0731707317073171,118,0.07375,116,0.0740268028079132,130,0.082382762991128,133,0.0803140096618357,132,0.0803408399269629,137,0.0824308062575211,146,0.0901234567901234,157,0.0881527231892195,159,0.0904436860068259,158,0.0896199659671015,155,0.0948012232415902,158,0.0898237635019898,187,0.109228971962617,176,0.106344410876133,175,0.112830431979368,172,0.107836990595611,173,0.109911054637865,180,0.103986135181976,175,0.109924623115578,169,0.104320987654321,164,0.103339634530561,164,0.102435977514054,162,0.105744125326371,169,0.102673147023086,172,0.103864734299517,172,0.104368932038835
    Automotive,,45,0.0317124735729387,54,0.0382707299787385,57,0.0389078498293515,78,0.0520694259012016,74,0.0497981157469717,88,0.0550688360450563,82,0.0509633312616532,96,0.0567711413364873,89,0.0559045226130653,87,0.0528554070473876,86,0.0531192093885114,99,0.0611488573193329,105,0.0655430711610487,111,0.0676829268292683,100,0.0625,109,0.0695596681557115,105,0.0665399239543726,113,0.0682367149758454,101,0.061472915398661,113,0.0679903730445247,98,0.0604938271604938,114,0.0640089837170129,109,0.0620022753128555,114,0.0646625070901872,101,0.0617737003058104,120,0.0682205798749289,109,0.0636682242990654,120,0.0725075528700906,113,0.072856221792392,121,0.0758620689655172,115,0.0730622617534943,133,0.0768341998844598,119,0.074748743718593,116,0.0716049382716049,105,0.0661625708884688,117,0.0730793254216115,112,0.0731070496083551,118,0.0716889428918591,111,0.0670289855072464,122,0.0740291262135922
    Agriculture & Food Product,,—,,—,,—,,—,,—,,—,,—,,—,,—,,—,,—,,—,,—,,—,,—,,—,,—,,—,,—,,—,,—,,—,,—,,—,,—,,—,,121,0.0706775700934579,125,0.0755287009063444,121,0.0780141843971631,116,0.0727272727272727,109,0.0692503176620076,131,0.0756787983824379,121,0.0760050251256281,114,0.0703703703703704,106,0.0667926906112161,113,0.070580886945659,107,0.0698433420365535,112,0.0680437424058323,112,0.0676328502415459,116,0.0703883495145631
    Minerals,,—,,—,,—,,—,,—,,—,,—,,—,,—,,—,,—,,—,,57,0.0355805243445693,70,0.0426829268292683,74,0.04625,69,0.0440331844288449,57,0.0361216730038023,75,0.0452898550724638,76,0.0462568472306756,67,0.0403128760529483,54,0.0333333333333333,80,0.0449185850645705,83,0.0472127417519909,76,0.0431083380601248,60,0.036697247706422,84,0.0477544059124503,87,0.0508177570093458,78,0.0471299093655589,58,0.0373952288845906,86,0.0539184952978057,86,0.0546378653113088,80,0.0462160600808781,70,0.0439698492462312,83,0.0512345679012346,80,0.0504095778197858,75,0.0468457214241099,66,0.0430809399477807,86,0.0522478736330498,85,0.0513285024154589,78,0.0473300970873786
    Forest Products,,65,0.0458069062720226,64,0.0453579021970234,67,0.0457337883959044,62,0.041388518024032,63,0.0423956931359354,65,0.0406758448060075,67,0.0416407706650093,70,0.0413956238911886,69,0.0433417085427136,70,0.0425273390036452,73,0.0450895614576899,69,0.0426189005558987,73,0.0455680399500624,71,0.0432926829268293,73,0.045625,69,0.0440331844288449,73,0.0462610899873257,74,0.0446859903381642,77,0.046865489957395,74,0.0445246690734055,74,0.045679012345679,79,0.0443571027512633,77,0.0437997724687144,77,0.0436755530346001,73,0.0446483180428135,74,0.0420693575895395,73,0.0426401869158878,70,0.0422960725075529,68,0.0438426821405545,68,0.0426332288401254,68,0.0432020330368488,70,0.0404390525707683,67,0.0420854271356784,67,0.041358024691358,64,0.0403276622558286,66,0.0412242348532167,67,0.043733681462141,71,0.043134872417983,74,0.0446859903381642,73,0.0442961165048544
    Metal & Equipment,,—,,—,,—,,—,,—,,—,,—,,—,,—,,—,,—,,—,,—,,—,,—,,—,,—,,—,,—,,—,,—,,—,,—,,—,,—,,—,,72,0.0420560747663551,65,0.0392749244712991,62,0.0399742101869761,71,0.0445141065830721,63,0.0400254129606099,63,0.0363951473136915,70,0.0439698492462312,67,0.041358024691358,64,0.0403276622558286,55,0.0343535290443473,64,0.0417754569190601,69,0.0419198055893074,69,0.0416666666666667,65,0.0394417475728155
    Fertilizers,,60,0.0422832980972516,74,0.0524450744153083,77,0.0525597269624573,78,0.0520694259012016,79,0.0531628532974428,80,0.0500625782227785,78,0.0484773151025482,76,0.0449438202247191,83,0.0521356783919598,80,0.0486026731470231,80,0.0494132180358246,78,0.048177887584929,80,0.0499375780274657,79,0.0481707317073171,80,0.05,82,0.0523292916400766,84,0.0532319391634981,86,0.0519323671497585,80,0.0486914181375533,77,0.0463297232250301,83,0.0512345679012346,86,0.0482874789444133,82,0.0466439135381115,79,0.0448099829835508,78,0.0477064220183486,78,0.0443433769187038,71,0.0414719626168224,74,0.0447129909365559,76,0.0490006447453256,72,0.045141065830721,72,0.0457433290978399,80,0.0462160600808781,77,0.0483668341708543,78,0.0481481481481481,68,0.0428481411468179,68,0.042473454091193,64,0.0417754569190601,64,0.0388821385176185,60,0.036231884057971,60,0.0364077669902913
    Housing and Construction,,—,,—,,—,,161,0.107476635514019,148,0.0995962314939435,178,0.111389236545682,180,0.111870727159727,177,0.104671791839148,164,0.103015075376884,187,0.113608748481166,189,0.116738727609636,180,0.111179740580605,164,0.102372034956305,177,0.107926829268293,180,0.1125,173,0.110402042118698,162,0.102661596958175,184,0.111111111111111,197,0.119902617163725,180,0.108303249097473,159,0.0981481481481482,199,0.111734980348119,206,0.117178612059158,194,0.110039705048213,164,0.100305810397554,199,0.113132461625924,160,0.0934579439252336,148,0.0894259818731118,126,0.0812379110251451,154,0.096551724137931,154,0.0978398983481576,150,0.0866551126516464,—,,—,,—,,—,,—,,—,,—,,—,
      Waste & Equipment,,—,,—,,—,,—,,—,,—,,—,,—,,—,,—,,—,,—,,34,0.0212234706616729,36,0.0219512195121951,33,0.020625,35,0.0223356732610083,32,0.0202788339670469,35,0.0211352657004831,44,0.0267802799756543,39,0.0234657039711191,31,0.0191358024691358,40,0.0224592925322852,46,0.0261660978384528,41,0.0232558139534884,31,0.018960244648318,41,0.0233086981239341,—,,—,,—,,—,,—,,—,,—,,—,,—,,—,,—,,—,,—,,—,
      Emerging Markets,,91,0.0641296687808316,106,0.07512402551382,109,0.0744027303754266,99,0.0660881174899867,85,0.0572005383580081,113,0.0707133917396746,113,0.0702299564947172,107,0.0632761679479598,95,0.0596733668341709,117,0.0710814094775213,116,0.0716491661519457,111,0.0685608400247066,—,,—,,—,,—,,—,,—,,—,,—,,—,,—,,—,,—,,—,,—,,—,,—,,—,,—,,—,,—,,—,,—,,—,,—,,—,,—,,—,,—,
    Agricultural,,—,,—,,—,,214,0.142857142857143,218,0.146702557200538,212,0.132665832290363,208,0.129272840273462,223,0.131874630396215,217,0.136306532663317,216,0.131227217496962,200,0.123533045089561,213,0.131562693020383,213,0.132958801498127,205,0.125,193,0.120625,204,0.13018506700702,203,0.128643852978454,206,0.1243961352657,190,0.115642118076689,214,0.128760529482551,212,0.130864197530864,216,0.12128017967434,203,0.11547212741752,212,0.120249574588769,210,0.128440366972477,203,0.115406480955088,192,0.11214953271028,199,0.1202416918429,197,0.127014829142489,188,0.117868338557994,181,0.114993646759848,211,0.121894858463316,—,,—,,—,,—,,—,,—,,—,,—,
      Food and Consumer,,25,0.0176180408738548,25,0.0177179305457123,26,0.0177474402730375,24,0.0160213618157543,25,0.0168236877523553,25,0.0156445556946183,26,0.0161591050341827,26,0.0153755174452986,25,0.0157035175879397,27,0.0164034021871203,24,0.0148239654107474,25,0.0154416306361952,25,0.015605493133583,25,0.0152439024390244,25,0.015625,25,0.0159540523292916,24,0.0152091254752852,25,0.0150966183574879,23,0.0139987827145466,24,0.0144404332129964,23,0.0141975308641975,25,0.0140370578326783,23,0.0130830489192264,23,0.0130459444129325,23,0.0140672782874618,24,0.0136441159749858,—,,—,,—,,—,,—,,—,,—,,—,,—,,—,,—,,—,,—,,—,
      Agriculture  Products,,109,0.076814658210007,106,0.07512402551382,101,0.0689419795221843,112,0.0747663551401869,114,0.0767160161507402,107,0.0669586983729662,104,0.0646364201367309,121,0.0715552927261975,109,0.0684673366834171,109,0.0662211421628189,96,0.0592958616429895,110,0.0679431747992588,108,0.0674157303370786,101,0.0615853658536585,88,0.055,97,0.0619017230376516,95,0.0602027883396705,95,0.0573671497584541,87,0.0529519172245892,113,0.0679903730445247,106,0.0654320987654321,105,0.0589556428972487,98,0.055745164960182,110,0.0623936471922859,109,0.0666666666666667,101,0.0574189880613985,—,,—,,—,,—,,—,,—,,—,,—,,—,,—,,—,,—,,—,,—,
    Industrial,,—,,—,,—,,234,0.156208277703605,247,0.166218034993271,269,0.168335419274093,255,0.158483530142946,273,0.161442933175636,273,0.171482412060301,274,0.166464155528554,268,0.165534280420012,273,0.168622606547251,294,0.183520599250936,298,0.181707317073171,282,0.17625,285,0.181876196553925,301,0.190747782002535,312,0.188405797101449,300,0.182592818015825,313,0.188327316486161,309,0.190740740740741,345,0.19371139809096,339,0.192832764505119,338,0.19171866137266,317,0.19388379204893,339,0.192723138146674,368,0.214953271028037,361,0.218126888217523,350,0.225660863958736,364,0.228213166144201,351,0.22299872935197,376,0.217215482380127,—,,—,,—,,—,,—,,—,,—,,—,
      Metals,,48,0.0338266384778013,45,0.0318922749822821,55,0.037542662116041,52,0.0347129506008011,61,0.041049798115747,65,0.0406758448060075,57,0.0354257302672467,60,0.0354819633353046,67,0.0420854271356784,68,0.0413122721749696,66,0.0407659048795553,64,0.0395305744286597,72,0.0449438202247191,67,0.0408536585365854,64,0.04,60,0.0382897255902999,66,0.0418250950570342,66,0.0398550724637681,67,0.0407790626902008,63,0.0379061371841155,65,0.0401234567901235,74,0.0415496911847277,71,0.040386803185438,66,0.0374361883153715,61,0.037308868501529,61,0.0346787947697555,—,,—,,—,,—,,—,,—,,—,,—,,—,,—,,—,,—,,—,,—,
  Coal,,431,0.303735024665257,375,0.265768958185684,382,0.260750853242321,365,0.243658210947931,373,0.251009421265141,401,0.250938673341677,392,0.243629583592293,407,0.240685984624483,385,0.241834170854271,388,0.235722964763062,386,0.238418777022854,374,0.23100679431748,331,0.206616729088639,331,0.201829268292683,323,0.201875,305,0.194639438417358,297,0.188212927756654,310,0.18719806763285,299,0.181984175289105,289,0.173886883273165,293,0.180864197530864,330,0.185289163391353,319,0.181456200227531,320,0.181508791832104,289,0.176758409785933,295,0.167708925525867,261,0.152453271028037,218,0.131722054380665,200,0.128949065119278,195,0.122257053291536,207,0.13151207115629,236,0.13633737723859,205,0.128768844221106,208,0.128395061728395,218,0.137366099558916,224,0.139912554653342,201,0.131201044386423,222,0.134872417982989,234,0.141304347826087,230,0.139563106796116
    Coal,,415,0.29245947850599,—,,—,,—,,—,,—,,—,,—,,—,,—,,—,,—,,—,,—,,—,,—,,—,,—,,—,,—,,—,,—,,—,,—,,—,,—,,—,,—,,—,,—,,—,,—,,—,,—,,—,,—,,—,,—,,—,,—,
    Coke and Iron Ore,,16,0.0112755461592671,—,,—,,—,,—,,—,,—,,—,,—,,—,,—,,—,,—,,—,,—,,—,,—,,—,,—,,—,,—,,—,,—,,—,,—,,—,,—,,—,,—,,—,,—,,—,,—,,—,,—,,—,,—,,—,,—,,—,
  Other,,0,,0,,0,,0,,0,,0,,0,,0,,0,,0,,0,,0,,0,,0,,0,,0,,0,,0,,0,,0,,0,,0,,0,,0,,0,,0,,0,,0,,0,,0,,0,,0,,0,,0,,0,,0,,0,,0,,0,,0,
  Rail,,979,0.689922480620155,—,,—,,—,,—,,—,,—,,—,,—,,—,,—,,—,,—,,—,,—,,—,,—,,—,,—,,—,,—,,—,,—,,—,,—,,—,,—,,—,,—,,—,,—,,—,,—,,—,,—,,—,,—,,—,,—,,—,
Revenue Ton-Miles / Kms,,53100,1.0,51000,1.0,53200,1.0,51300,1.0,55000,1.0,58200,1.0,56500,1.0,59700,1.0,57400,1.0,58300,1.0,56200,1.0,56800,1.0,57000,1.0,56300,1.0,22931.7,1.0,53800,1.0,55500,1.0,57300,1.0,55900,1.0,58000,1.0,58000,1.0,62900,1.0,61600,1.0,62800,1.0,58900,1.0,60000,1.0,56800,1.0,54000,1.0,50100,1.0,50700,1.0,50500,1.0,56300,1.0,49400,1.0,49100,1.0,47800,1.0,50400,1.0,48800,1.0,52300,1.0,51300,1.0,50600,1.0
  Merchandise,,27800,0.523540489642185,28200,0.552941176470588,29600,0.556390977443609,29500,0.57504873294347,31400,0.570909090909091,32500,0.558419243986254,31500,0.557522123893805,34000,0.569514237855946,32800,0.571428571428571,33500,0.574614065180103,31700,0.564056939501779,32700,0.575704225352113,33800,0.592982456140351,33300,0.591474245115453,31.7,0.00138236589524545,31700,0.589219330855019,33300,0.6,34100,0.595113438045375,33200,0.59391771019678,36400,0.627586206896552,35300,0.608620689655172,38000,0.604133545310016,37400,0.607142857142857,37900,0.603503184713376,36100,0.612903225806452,36800,0.613333333333333,36100,0.63556338028169,35900,0.664814814814815,33800,0.674650698602794,33400,0.658777120315582,32300,0.63960396039604,35200,0.625222024866785,31800,0.643724696356275,31200,0.635437881873727,29700,0.621338912133891,31500,0.625,31400,0.64344262295082,32800,0.627151051625239,32000,0.623781676413255,31900,0.630434782608696
  Coal,,20500,0.386064030131827,18500,0.362745098039216,19200,0.360902255639098,17100,0.333333333333333,19100,0.347272727272727,20500,0.352233676975945,19800,0.350442477876106,20100,0.336683417085427,19300,0.336236933797909,19200,0.329331046312178,19200,0.341637010676157,18600,0.327464788732394,17400,0.305263157894737,16900,0.300177619893428,16900,0.736971092417919,15800,0.29368029739777,16300,0.293693693693694,16900,0.294938917975567,16300,0.291592128801431,15200,0.262068965517241,16300,0.281034482758621,18000,0.286168521462639,17400,0.282467532467532,17900,0.285031847133758,16100,0.273344651952462,15800,0.263333333333333,13700,0.241197183098592,11000,0.203703703703704,9700,0.193612774451098,10400,0.205128205128205,11500,0.227722772277228,13500,0.239786856127886,10600,0.214574898785425,10600,0.215885947046843,10900,0.228033472803347,11700,0.232142857142857,10300,0.211065573770492,11800,0.225621414913958,12000,0.233918128654971,11400,0.225296442687747
  Intermodal,,4000,0.0753295668549906,4300,0.0843137254901961,4400,0.0827067669172932,4700,0.0916179337231969,4500,0.0818181818181818,5200,0.0893470790378007,5200,0.0920353982300885,5600,0.0938023450586265,5300,0.0923344947735192,5600,0.0960548885077187,5300,0.0943060498220641,5500,0.096830985915493,5800,0.101754385964912,6100,0.108348134991119,6000,0.261646541686835,6300,0.117100371747212,5900,0.106306306306306,6300,0.109947643979058,6400,0.114490161001789,6400,0.110344827586207,6400,0.110344827586207,6900,0.109697933227345,6800,0.11038961038961,7000,0.111464968152866,6700,0.113752122241087,7400,0.123333333333333,7000,0.123239436619718,7100,0.131481481481481,6600,0.131736526946108,6900,0.136094674556213,6700,0.132673267326733,7600,0.134991119005329,7000,0.1417004048583,7300,0.14867617107943,7200,0.150627615062762,7200,0.142857142857143,7100,0.145491803278689,7700,0.147227533460803,7300,0.142300194931774,7300,0.144268774703557
  Rail,,49100,0.924670433145009,—,,—,,—,,—,,—,,—,,—,,—,,—,,—,,—,,—,,—,,—,,—,,—,,—,,—,,—,,—,,—,,—,,—,,—,,—,,—,,—,,—,,—,,—,,—,,—,,—,,—,,—,,—,,—,,—,,—,
    Automotive,,800,0.0150659133709981,—,,—,,—,,—,,—,,—,,—,,—,,—,,—,,—,,—,,—,,—,,—,,—,,—,,—,,—,,—,,—,,—,,—,,—,,—,,—,,—,,—,,—,,—,,—,,—,,—,,—,,—,,—,,—,,—,,—,
Source: Bloomberg,,,,,,,,,,,,,,,,,,,,,,,,,,,,,,,,,,,,,,,,,,,,,,,,,,,,,,,,,,,,,,,,,,,,,,,,,,,,,,,,,
