Unnamed: 0,Unnamed: 1,Unnamed: 2,Unnamed: 3,Unnamed: 4,Unnamed: 5,Unnamed: 6,Unnamed: 7,Unnamed: 8,Unnamed: 9,Unnamed: 10,Unnamed: 11,Unnamed: 12,Unnamed: 13,Unnamed: 14,Unnamed: 15,Unnamed: 16,Unnamed: 17,Unnamed: 18,Unnamed: 19,Unnamed: 20,Unnamed: 21,Unnamed: 22,Unnamed: 23,Unnamed: 24,Unnamed: 25,Unnamed: 26,Unnamed: 27,Unnamed: 28,Unnamed: 29,Unnamed: 30,Unnamed: 31,Unnamed: 32,Unnamed: 33,Unnamed: 34,Unnamed: 35,Unnamed: 36,Unnamed: 37,Unnamed: 38,Unnamed: 39,Unnamed: 40,Unnamed: 41,Unnamed: 42,Unnamed: 43,Unnamed: 44,Unnamed: 45,Unnamed: 46,Unnamed: 47,Unnamed: 48,Unnamed: 49,Unnamed: 50,Unnamed: 51,Unnamed: 52,Unnamed: 53,Unnamed: 54,Unnamed: 55,Unnamed: 56,Unnamed: 57,Unnamed: 58,Unnamed: 59,Unnamed: 60,Unnamed: 61,Unnamed: 62,Unnamed: 63,Unnamed: 64,Unnamed: 65,Unnamed: 66,Unnamed: 67,Unnamed: 68,Unnamed: 69,Unnamed: 70,Unnamed: 71,Unnamed: 72,Unnamed: 73,Unnamed: 74,Unnamed: 75,Unnamed: 76,Unnamed: 77,Unnamed: 78,Unnamed: 79,Unnamed: 80,Unnamed: 81
Visa Inc (V US) - By Measure,,,,,,,,,,,,,,,,,,,,,,,,,,,,,,,,,,,,,,,,,,,,,,,,,,,,,,,,,,,,,,,,,,,,,,,,,,,,,,,,,
,,,,,,,,,,,,,,,,,,,,,,,,,,,,,,,,,,,,,,,,,,,,,,,,,,,,,,,,,,,,,,,,,,,,,,,,,,,,,,,,,
In Millions of USD except Per Share,,Q4 2014,,Q1 2015,,Q2 2015,,Q3 2015,,Q4 2015,,Q1 2016,,Q2 2016,,Q3 2016,,Q4 2016,,Q1 2017,,Q2 2017,,Q3 2017,,Q4 2017,,Q1 2018,,Q2 2018,,Q3 2018,,Q4 2018,,Q1 2019,,Q2 2019,,Q3 2019,,Q4 2019,,Q1 2020,,Q2 2020,,Q3 2020,,Q4 2020,,Q1 2021,,Q2 2021,,Q3 2021,,Q4 2021,,Q1 2022,,Q2 2022,,Q3 2022,,Q4 2022,,Q1 2023,,Q2 2023,,Q3 2023,,Q4 2023,,Q1 2024,,Q2 2024,,Q3 2024,
3 Months Ending,,09/30/2014,,12/31/2014,,03/31/2015,,06/30/2015,,09/30/2015,,12/31/2015,,03/31/2016,,06/30/2016,,09/30/2016,,12/31/2016,,03/31/2017,,06/30/2017,,09/30/2017,,12/31/2017,,03/31/2018,,06/30/2018,,09/30/2018,,12/31/2018,,03/31/2019,,06/30/2019,,09/30/2019,,12/31/2019,,03/31/2020,,06/30/2020,,09/30/2020,,12/31/2020,,03/31/2021,,06/30/2021,,09/30/2021,,12/31/2021,,03/31/2022,,06/30/2022,,09/30/2022,,12/31/2022,,03/31/2023,,06/30/2023,,09/30/2023,,12/31/2023,,03/31/2024,,06/30/2024,
Revenue,,3229,1.0,3382,1.0,3409,1.0,3518,1.0,3571,1.0,3565,1.0,3626,1.0,3630,1.0,4261,1.0,—,,—,,—,,—,,—,,—,,—,,—,,—,,—,,—,,—,,—,,—,,—,,—,,—,,—,,—,,—,,—,,—,,—,,—,,—,,7985,1.0,8123,1.0,8609,1.0,8634,1.0,8775,1.0,8900,1.0
  Data Processing,,1348,0.337252939704779,1383,0.337728937728938,1340,0.328029375764994,1400,0.334288443170965,1429,0.326777955636863,1479,0.339765678842178,1473,0.333635334088335,1541,0.344819870217051,1779,0.338599162542825,—,,—,,—,,—,,—,,—,,—,,—,,—,,—,,—,,—,,—,,—,,—,,—,,—,,—,,—,,—,,—,,—,,—,,—,,—,,3819,0.478271759549155,4105,0.505355164348147,4256,0.494366360785225,4356,0.5045170257123,4259,0.485356125356125,4489,0.50438202247191
  Service,,1499,0.375031273455091,1538,0.375579975579976,1577,0.386046511627907,1550,0.370105062082139,1637,0.374342556597302,1645,0.377900298644613,1699,0.384824462061155,1635,0.365853658536585,1768,0.336505519604111,—,,—,,—,,—,,—,,—,,—,,—,,—,,—,,—,,—,,—,,—,,—,,—,,—,,—,,—,,—,,—,,—,,—,,—,,—,,3771,0.47226048841578,3668,0.451557306413886,3876,0.450226507143687,3915,0.453439888811675,4033,0.45960113960114,3967,0.445730337078652
  International Transaction,,938,0.234676007005254,970,0.236874236874237,964,0.235985312117503,1039,0.248089780324737,1091,0.249485479076149,1031,0.236848150700666,1045,0.236693091732729,1084,0.242559856791228,1489,0.28340312143129,—,,—,,—,,—,,—,,—,,—,,—,,—,,—,,—,,—,,—,,—,,—,,—,,—,,—,,—,,—,,—,,—,,—,,—,,—,,2749,0.344270507201002,2920,0.359473101071033,3172,0.368451620397259,3019,0.34966411860088,2984,0.34005698005698,3194,0.358876404494382
  Other,,212,0.0530397798348762,204,0.0498168498168498,204,0.0499388004895961,199,0.0475167144221586,216,0.0493940086896867,198,0.0454858718125431,198,0.0448471121177803,209,0.0467666144551354,218,0.0414921964217739,—,,—,,—,,—,,—,,—,,—,,—,,—,,—,,—,,—,,—,,—,,—,,—,,—,,—,,—,,—,,—,,—,,—,,—,,—,,551,0.0690043832185347,597,0.073495014157331,744,0.0864211871297479,692,0.0801482511003011,756,0.0861538461538462,780,0.0876404494382022
  Client Incentives,,—,,—,,—,,—,,—,,—,,—,,—,,—,,—,,—,,—,,—,,—,,—,,—,,—,,—,,—,,—,,—,,—,,—,,—,,—,,—,,—,,—,,—,,—,,—,,—,,—,,—,,-2905,-0.363807138384471,-3167,-0.389880585990398,-3439,-0.399465675455918,-3348,-0.387769284225156,-3257,-0.371168091168091,-3530,-0.396629213483146
  Reconciliation,,-768,,-713,,-676,,-670,,-802,,-788,,-789,,-839,,-993,,—,,—,,—,,—,,—,,—,,—,,—,,—,,—,,—,,—,,—,,—,,—,,—,,—,,—,,—,,—,,—,,—,,—,,—,,—,,—,,—,,—,,—,,—,,—,
Revenue Growth %,,—,,—,,—,,—,,—,,—,,—,,—,,—,,—,,—,,—,,—,,—,,—,,—,,—,,—,,—,,—,,—,,—,,—,,—,,—,,—,,—,,—,,—,,—,,—,,—,,—,,—,,—,,—,,—,,—,,—,,—,
  Other,,16,,14,,12,,2,,3,,-3,,-3,,5,,1,,2,,3,,0,,3,,13,,13,,9,,13,,30,,42,,49,,35,,22,,20,,-8,,5,,5,,—,,31,,36,,17,,21,,26,,13,,31,,16,,15,,35,,18,,37,,31,
  Client Incentives,,13,,19,,15,,5,,5,,10,,17,,25,,24,,32,,30,,37,,—,,27,,25,,20,,12,,10,,15,,13,,13,,20,,15,,-2,,0,,6,,—,,41,,40,,28,,25,,21,,20,,18,,16,,23,,20,,20,,12,,11,
  International Transaction,,4,,9,,11,,21,,16,,6,,8,,4,,36,,44,,41,,45,,20,,12,,19,,16,,10,,11,,3,,8,,11,,9,,2,,-44,,-38,,-28,,—,,54,,41,,50,,48,,51,,52,,29,,24,,14,,10,,8,,9,,9,
  Data Processing,,14,,9,,9,,6,,6,,7,,10,,10,,25,,28,,25,,29,,16,,13,,15,,19,,16,,15,,14,,13,,16,,16,,11,,-5,,4,,6,,—,,32,,20,,19,,16,,8,,10,,6,,10,,15,,13,,14,,12,,9,
  Service,,8,,8,,8,,9,,9,,7,,8,,6,,8,,17,,17,,19,,20,,12,,13,,13,,10,,9,,7,,10,,9,,9,,9,,0,,-13,,5,,—,,17,,41,,19,,24,,13,,11,,10,,7,,15,,12,,11,,7,,8,
Gross Revenue,,3997,1.0,4095,1.0,4085,1.0,4188,1.0,4373,1.0,4353,1.0,4415,1.0,4469,1.0,5254,1.0,5502,1.0,5508,1.0,5712,1.0,6201,1.0,6188,1.0,6362,1.0,6614,1.0,6936,1.0,6962,1.0,6972,1.0,7386,1.0,7830,1.0,7802,1.0,7559,1.0,6350,1.0,6799,1.0,7545,1.0,7721,1.0,8260,1.0,8946,1.0,9430,1.0,9683,1.0,9845,1.0,10647,1.0,10722,1.0,10890,1.0,11290,1.0,12048,1.0,11982,1.0,12032,1.0,8900,1.0
  Data Processing,,1348,0.337252939704779,1383,0.337728937728938,1340,0.328029375764994,1400,0.334288443170965,1429,0.326777955636863,1479,0.339765678842178,1473,0.333635334088335,1541,0.344819870217051,1779,0.338599162542825,1892,0.343874954561977,1843,0.334604212055192,1984,0.34733893557423,2067,0.333333333333333,2147,0.346961861667744,2127,0.334328827412763,2359,0.356667674629574,2394,0.345155709342561,2470,0.354783108302212,2432,0.348823866896156,2662,0.360411589493637,2769,0.353639846743295,2864,0.367085362727506,2711,0.358645323455484,2525,0.397637795275591,2875,0.422856302397411,3033,0.401988071570577,2996,0.388032638259293,3327,0.402784503631961,3436,0.384082271406215,3614,0.383244962884411,3480,0.359392750180729,3579,0.363534789233113,3765,0.353620738236123,3827,0.356929677299011,3819,0.35068870523416,4105,0.363596102745793,4256,0.353253652058433,4356,0.363545317976965,4259,0.353972739361702,4489,0.50438202247191
  Service,,1499,0.375031273455091,1538,0.375579975579976,1577,0.386046511627907,1550,0.370105062082139,1637,0.374342556597302,1645,0.377900298644613,1699,0.384824462061155,1635,0.365853658536585,1768,0.336505519604111,1918,0.348600508905852,1993,0.361837327523602,1948,0.341036414565826,2116,0.341235284631511,2146,0.346800258564964,2253,0.354133920150896,2196,0.332022981554279,2323,0.334919261822376,2342,0.336397586900316,2417,0.34667240390132,2405,0.325616030327647,2536,0.323882503192848,2555,0.327480133299154,2623,0.347003571901045,2409,0.379370078740157,2217,0.326077364318282,2677,0.35480450629556,2845,0.368475586063981,2828,0.342372881355932,3125,0.349318131008272,3193,0.338600212089077,3521,0.363626975111019,3189,0.323920771965465,3458,0.324786324786325,3511,0.327457563887334,3771,0.346280991735537,3668,0.32488928255093,3876,0.321713147410359,3915,0.326740110165248,4033,0.335189494680851,3967,0.445730337078652
  International Transaction,,938,0.234676007005254,970,0.236874236874237,964,0.235985312117503,1039,0.248089780324737,1091,0.249485479076149,1031,0.236848150700666,1045,0.236693091732729,1084,0.242559856791228,1489,0.28340312143129,1489,0.270628862231916,1469,0.266702977487291,1571,0.275035014005602,1792,0.288985647476214,1666,0.269230769230769,1752,0.275385099025464,1830,0.276685817961899,1963,0.283016147635525,1851,0.265871875897731,1796,0.257601835915089,1977,0.267668562144598,2180,0.278416347381865,2018,0.258651627787747,1833,0.2424923931737,1102,0.173543307086614,1346,0.197970289748492,1451,0.192312789927104,1488,0.192721150110089,1696,0.205326876513317,1895,0.211826514643416,2174,0.230540827147402,2208,0.228028503562945,2560,0.260030472320975,2873,0.26984126984127,2797,0.260865510166014,2749,0.252433425160698,2920,0.258635961027458,3172,0.2632802124834,3019,0.251961275246203,2984,0.248005319148936,3194,0.358876404494382
  Other,,212,0.0530397798348762,204,0.0498168498168498,204,0.0499388004895961,199,0.0475167144221586,216,0.0493940086896867,198,0.0454858718125431,198,0.0448471121177803,209,0.0467666144551354,218,0.0414921964217739,203,0.0368956743002544,203,0.0368554829339143,209,0.0365896358543417,226,0.0364457345589421,229,0.0370071105365223,230,0.0361521534108771,229,0.0346235258542486,256,0.0369088811995386,299,0.0429474288997415,327,0.0469018932874355,342,0.0463038180341186,345,0.0440613026819923,365,0.0467828761855934,392,0.0518587114697711,314,0.0494488188976378,361,0.0530960435358141,384,0.0508946322067594,392,0.0507706255666364,409,0.0495157384987893,490,0.054773082942097,449,0.0476139978791092,474,0.0489517711453062,517,0.0525139664804469,551,0.0517516671362825,587,0.0547472486476404,551,0.0505968778696051,597,0.0528786536758193,744,0.0617529880478088,692,0.057753296611584,756,0.0628324468085106,780,0.0876404494382022
  Client Incentives,,—,,—,,—,,—,,—,,—,,—,,—,,—,,—,,—,,—,,—,,—,,—,,—,,—,,—,,—,,—,,—,,—,,—,,—,,—,,—,,—,,—,,—,,—,,—,,—,,—,,—,,—,,—,,—,,—,,—,,-3530,-0.396629213483146
Network Spending Volume,,1884000,1.0,1898000,1.0,1752000,1.0,1854000,1.0,1848000,1.0,1890000,1.0,1797000,1.0,1933000,1.0,2481000,1.0,2527000,1.0,2420000,1.0,2599000,1.0,2676000,1.0,2814000,1.0,2755000,1.0,2868000,1.0,2834000,1.0,2924000,1.0,2761000,1.0,2936000,1.0,2983000,1.0,3080000,1.0,2773000,1.0,2493000,1.0,2996000,1.0,3116000,1.0,3046000,1.0,3373000,1.0,3460000,1.0,3631000,1.0,—,,3553000,1.0,3534000,1.0,3631000,1.0,3551000,1.0,3798000,1.0,3824000,1.0,3911000,1.0,3779000,1.0,3949000,1.0
  Visa Debit Programs,,1052000,0.558386411889597,1047000,0.551633298208641,973000,0.555365296803653,1012000,0.545846817691478,998000,0.54004329004329,1014000,0.536507936507936,971000,0.540345019476906,1030000,0.532850491464046,1402000,0.56509471987102,1431000,0.566284131381084,1380000,0.570247933884298,1480000,0.569449788380146,1513000,0.565396113602392,1587000,0.563965884861407,1570000,0.569872958257713,1616000,0.563458856345886,1594000,0.562455892731122,1638000,0.560191518467852,1559000,0.564650488953278,1653000,0.563010899182561,1673000,0.560844787127053,1732000,0.562337662337662,1598000,0.576271186440678,1507000,0.604492579221821,1829000,0.610480640854473,1853000,0.594672657252888,1855000,0.608995403808273,2037000,0.603913430180848,2065000,0.596820809248555,2112000,0.581657945469568,—,,2010000,0.565719110610752,1986000,0.561969439728353,2045000,0.563205728449463,2009000,0.565756125035201,2149000,0.565824117956819,2171000,0.567730125523013,2210000,0.565072871388392,2154000,0.569992061391903,2247000,0.569004811344644
    International,,623000,0.33067940552017,616000,0.324552160168599,540000,0.308219178082192,555000,0.299352750809061,535000,0.289502164502164,546000,0.288888888888889,496000,0.276015581524764,537000,0.277806518365235,923000,0.372027408303104,938000,0.371191135734072,889000,0.367355371900826,959000,0.368988072335514,998000,0.372944693572496,1055000,0.374911158493248,1029000,0.373502722323049,1040000,0.362622036262204,1017000,0.358856739590685,1050000,0.359097127222982,976000,0.353495110467222,1027000,0.349795640326975,1050000,0.351994636272209,1100000,0.357142857142857,983000,0.354489722322395,841000,0.337344564781388,1067000,0.356141522029372,1112000,0.356867779204108,1048000,0.344057780695995,1147000,0.340053364957012,1191000,0.344219653179191,1253000,0.345083998898375,—,,1105000,0.311004784688995,1092000,0.308998302207131,1129000,0.310933627099972,1106000,0.311461560123909,1200000,0.315955766192733,1226000,0.320606694560669,1257000,0.321401176169778,1206000,0.319132045514686,1263000,0.31982780450747
    United States,,429000,0.227707006369427,431000,0.227081138040042,433000,0.247146118721461,457000,0.246494066882416,463000,0.250541125541126,469000,0.248148148148148,475000,0.264329437952142,493000,0.25504397309881,479000,0.193067311567916,493000,0.195092995647012,491000,0.202892561983471,521000,0.200461716044633,515000,0.192451420029895,532000,0.189054726368159,541000,0.196370235934664,576000,0.200836820083682,577000,0.203599153140438,588000,0.20109439124487,583000,0.211155378486056,626000,0.213215258855586,623000,0.208850150854844,632000,0.205194805194805,615000,0.221781464118283,667000,0.267549137585239,762000,0.2543391188251,741000,0.237804878048781,807000,0.264937623112278,890000,0.263860065223836,874000,0.252601156069364,859000,0.236573946571193,—,,905000,0.254714325921756,894000,0.252971137521222,916000,0.252272101349491,903000,0.254294564911293,949000,0.249868351764086,944000,0.246861924686192,953000,0.243671695218614,948000,0.250860015877216,984000,0.249177006837174
  Visa Credit Programs,,832000,0.441613588110403,851000,0.448366701791359,779000,0.444634703196347,842000,0.454153182308522,850000,0.45995670995671,876000,0.463492063492063,826000,0.459654980523094,903000,0.467149508535954,1079000,0.43490528012898,1096000,0.433715868618916,1040000,0.429752066115702,1119000,0.430550211619854,1163000,0.434603886397608,1227000,0.436034115138593,1185000,0.430127041742287,1252000,0.436541143654114,1240000,0.437544107268878,1286000,0.439808481532148,1202000,0.435349511046722,1283000,0.436989100817439,1310000,0.439155212872947,1348000,0.437662337662338,1175000,0.423728813559322,986000,0.395507420778179,1167000,0.389519359145527,1263000,0.405327342747112,1191000,0.391004596191727,1336000,0.396086569819152,1395000,0.403179190751445,1519000,0.418342054530432,—,,1543000,0.434280889389249,1548000,0.438030560271647,1586000,0.436794271550537,1542000,0.434243874964799,1649000,0.434175882043181,1653000,0.432269874476987,1701000,0.434927128611608,1625000,0.430007938608097,1702000,0.430995188655356
    International,,505000,0.268046709129512,510000,0.268703898840885,463000,0.264269406392694,490000,0.264293419633225,491000,0.265692640692641,504000,0.266666666666667,477000,0.265442404006678,513000,0.265390584583549,655000,0.264006449012495,652000,0.258013454689355,622000,0.25702479338843,658000,0.253174297806849,700000,0.261584454409567,735000,0.261194029850746,725000,0.263157894736842,745000,0.25976290097629,728000,0.256880733944954,753000,0.257523939808482,714000,0.258601955813111,741000,0.252384196185286,763000,0.255782769024472,780000,0.253246753246753,668000,0.24089433826181,562000,0.225431207380666,667000,0.222630173564753,721000,0.231386392811297,682000,0.223900196979645,726000,0.215238659946635,763000,0.220520231213873,830000,0.228587166069953,—,,803000,0.226006191950464,809000,0.228919071873231,828000,0.228036353621592,825000,0.232328921430583,872000,0.229594523433386,875000,0.228817991631799,901000,0.230375862950652,864000,0.228631913204551,883000,0.223600911623196
    United States,,327000,0.173566878980892,341000,0.179662802950474,316000,0.180365296803653,352000,0.189859762675297,359000,0.194264069264069,372000,0.196825396825397,349000,0.194212576516416,390000,0.201758923952406,424000,0.170898831116485,444000,0.175702413929561,418000,0.172727272727273,461000,0.177375913813005,463000,0.173019431988042,492000,0.174840085287847,460000,0.166969147005445,507000,0.176778242677824,512000,0.180663373323924,533000,0.182284541723666,488000,0.176747555233611,542000,0.184604904632153,547000,0.183372443848475,568000,0.184415584415584,507000,0.182834475297512,424000,0.170076213397513,500000,0.166889185580774,542000,0.173940949935815,509000,0.167104399212081,610000,0.180847909872517,632000,0.182658959537572,689000,0.189754888460479,—,,740000,0.208274697438784,739000,0.209111488398415,758000,0.208757917928945,717000,0.201914953534216,777000,0.204581358609795,779000,0.203713389121339,800000,0.204551265660956,761000,0.201376025403546,819000,0.20739427703216
Network Spending Volume Growth,,—,,—,,—,,—,,—,,—,,—,,—,,—,,—,,—,,—,,—,,—,,—,,—,,—,,—,,—,,—,,—,,—,,—,,—,,—,,—,,—,,—,,—,,—,,—,,—,,—,,—,,—,,—,,—,,—,,—,,—,
  Visa Debit Programs,,6.8,,1,,-1.4,,-2.7,,-5.1,,-3.1,,-0.2,,1.7,,40.3,,41.3,,42.4,,43.7,,7.9,,9.8,,12.7,,7.9,,3.8,,3.2,,-0.7,,2.3,,5,,5.8,,2.6,,-8.8,,9.4,,7,,15.7,,35.3,,12.9,,14,,—,,-1.3,,-3.7,,-3.2,,2.3,,6.8,,9.1,,7.7,,6.9,,4.2,
    International,,6.8,,-2.3,,-6.4,,-8.5,,-14,,-11.4,,-8.2,,-3.3,,72.1,,72.7,,79.6,,78.6,,8.1,,11.1,,14.2,,6.8,,0,,-0.5,,-5.2,,-1.2,,3.2,,4.8,,0.7,,-18.2,,1.5,,1,,6,,36.8,,11.6,,12.6,,—,,-3.7,,-8.4,,-9.9,,-2.3,,8.5,,12,,10.7,,8.3,,4.6,
    United States,,6.7,,6.2,,5.8,,5.6,,7.9,,8.7,,9.7,,7.7,,3.5,,5,,3.5,,5.7,,7.5,,7.5,,9.9,,10,,11.1,,10.5,,7.7,,8.8,,8.1,,7.6,,5.7,,6.8,,22.7,,17.5,,31.4,,33.4,,14.7,,16,,—,,1.7,,2.8,,6.6,,8.4,,4.8,,5.5,,4.1,,5.1,,3.7,
  Visa Credit Programs,,9.4,,6.1,,4.7,,4.8,,2.2,,2.9,,6,,7.2,,27,,25,,26.3,,23.9,,7.7,,11.8,,13.6,,11.6,,6.4,,4.9,,1.5,,2.5,,5.6,,4.9,,-2.3,,-23.1,,-10.9,,-6.3,,1.2,,35.3,,19.6,,20.3,,—,,15.5,,10.8,,4.4,,8.6,,7,,6.8,,7.3,,5.3,,3.2,
    United States,,12.7,,13.7,,12.3,,11.3,,9.9,,9.2,,10.5,,10.9,,18.3,,19.6,,20,,18,,9.1,,10.7,,10,,10,,10.8,,8.5,,6.1,,7,,6.7,,6.6,,3.9,,-21.7,,-8.7,,-4.6,,0.2,,43.6,,26.5,,27.1,,—,,21.3,,16.9,,10,,10.6,,5,,5.2,,5.6,,6.2,,5.4,
    International,,7.4,,1.6,,0.1,,0.6,,-2.8,,-1.3,,3,,4.5,,33.4,,29,,31,,28.3,,6.8,,12.5,,16,,12.7,,3.5,,2.4,,-1.4,,-0.7,,4.8,,3.6,,-6.5,,-24.1,,-12.5,,-7.5,,2,,29,,14.4,,15.1,,—,,10.6,,5.8,,-0.3,,6.9,,8.8,,8.1,,8.9,,4.5,,1.3,
Network Spending Volume Growth @ CC %,,—,,—,,—,,—,,—,,—,,—,,—,,—,,—,,—,,—,,—,,—,,—,,—,,—,,—,,—,,—,,—,,—,,—,,—,,—,,—,,—,,—,,—,,—,,—,,—,,—,,—,,—,,—,,—,,—,,—,,—,
  Visa Credit Programs,,11.2,,11.9,,11.5,,12.2,,12.2,,10.8,,11.6,,10.1,,26.9,,26.1,,26.4,,24.9,,7.7,,9.4,,9.6,,10.1,,9.8,,8.6,,6.3,,6.4,,6.9,,5.6,,-0.4,,-21.1,,-10.4,,-7.1,,-0.9,,31,,18.2,,21.6,,—,,20.2,,16.9,,10.6,,13,,9,,7.9,,8,,7.9,,6.6,
    International,,10.1,,10.6,,10.9,,12.8,,14,,12.1,,12.5,,9.6,,33.2,,30.8,,30.9,,30.1,,6.7,,8.6,,9.3,,10.1,,9.1,,8.8,,6.3,,6,,7,,4.9,,-3.4,,-20.6,,-11.7,,-8.9,,-1.7,,21.3,,12.1,,17,,—,,19.2,,16.9,,11.2,,15.2,,12.7,,10.4,,10.3,,9.4,,7.8,
    United States,,12.7,,13.7,,12.3,,11.3,,9.9,,9.2,,10.5,,10.9,,18.3,,19.6,,20,,18,,9.1,,10.7,,10,,10,,10.8,,8.5,,6.1,,7,,6.7,,6.6,,3.9,,-21.7,,-8.7,,-4.6,,0.2,,43.6,,26.5,,27.1,,—,,21.3,,16.9,,10,,10.6,,5,,5.2,,5.6,,6.2,,5.4,
  Visa Debit Programs,,9.4,,8.6,,7.5,,6.4,,7.4,,7.5,,7.6,,7.9,,43.2,,44.5,,43,,41.8,,7.9,,6.5,,8,,7.9,,8.3,,7.9,,5.1,,6.2,,6.7,,6.4,,4.8,,-4.6,,11.6,,9,,15.2,,31.2,,11.9,,15,,—,,2.7,,1.1,,1.1,,5.6,,7.2,,7.5,,6.8,,7.3,,6.4,
    International,,11.8,,10.8,,9.1,,7.2,,7,,6.4,,5.7,,8,,78.1,,78.3,,78.4,,74.5,,8.1,,5.9,,6.9,,6.6,,6.8,,6.5,,3.6,,4.8,,5.9,,5.7,,4.3,,-12,,4.9,,4,,4.6,,29.3,,9.9,,14.3,,—,,3.6,,-0.3,,-3,,3.3,,9.1,,9.1,,9,,9.1,,8.5,
    United States,,6.7,,6.2,,5.8,,5.6,,7.9,,8.7,,9.7,,7.7,,3.5,,5,,3.5,,5.7,,7.5,,7.5,,9.9,,10,,11.1,,10.5,,7.7,,8.8,,8.1,,7.6,,5.7,,6.8,,22.7,,17.5,,31.4,,33.4,,14.7,,16,,—,,1.7,,2.8,,6.6,,8.4,,4.8,,5.5,,4.1,,5.1,,3.7,
Network Spending Volume - Purchase,,1217000,1.0,1244000,1.0,1167000,1.0,1253000,1.0,1265000,1.0,1305000,1.0,1254000,1.0,1349000,1.0,1751000,1.0,1808000,1.0,1737000,1.0,1865000,1.0,1930000,1.0,2051000,1.0,2018000,1.0,2125000,1.0,2111000,1.0,2195000,1.0,2084000,1.0,2231000,1.0,2270000,1.0,2361000,1.0,2130000,1.0,1953000,1.0,2349000,1.0,2476000,1.0,2423000,1.0,2720000,1.0,2783000,1.0,2964000,1.0,—,,2938000,1.0,2929000,1.0,3014000,1.0,2954000,1.0,3166000,1.0,3196000,1.0,3276000,1.0,3173000,1.0,3325000,1.0
  Visa Debit Programs,,446000,0.366474938373048,450000,0.361736334405145,436000,0.373607540702656,461000,0.367916999201915,465000,0.367588932806324,477000,0.36551724137931,473000,0.37719298245614,497000,0.368421052631579,741000,0.423186750428327,777000,0.429756637168142,758000,0.436384571099597,812000,0.435388739946381,835000,0.432642487046632,892000,0.434909800097513,899000,0.445490584737364,939000,0.441882352941176,936000,0.443391757460919,974000,0.44373576309795,943000,0.452495201535509,1012000,0.45360824742268,1025000,0.451541850220264,1076000,0.455739093604405,1014000,0.476056338028169,1007000,0.515616999487967,1228000,0.522775649212431,1260000,0.508885298869144,1280000,0.528270738753611,1434000,0.527205882352941,1441000,0.517786561264822,1499000,0.505735492577598,—,,1448000,0.4928522804629,1435000,0.489928303175145,1484000,0.492368944923689,1468000,0.496953283683142,1574000,0.4971572962729,1599000,0.500312891113892,1632000,0.498168498168498,1604000,0.505515285219036,1679000,0.504962406015038
    United States,,319000,0.262119967132293,324000,0.260450160771704,325000,0.278491859468723,344000,0.274541101356744,349000,0.275889328063241,355000,0.272030651340996,360000,0.287081339712919,374000,0.277242401779096,359000,0.205025699600228,374000,0.206858407079646,372000,0.214162348877375,394000,0.211260053619303,388000,0.201036269430052,408000,0.19892735251097,417000,0.206640237859267,445000,0.209411764705882,446000,0.211274277593558,461000,0.21002277904328,457000,0.219289827255278,494000,0.221425369789332,490000,0.215859030837004,502000,0.212621770436256,491000,0.230516431924883,532000,0.272401433691756,603000,0.256704980842912,605000,0.244345718901454,657000,0.271151465125877,730000,0.268382352941176,703000,0.252605102407474,716000,0.241565452091768,—,,760000,0.258679373723621,752000,0.256742915670877,777000,0.257796947577969,767000,0.259647935003385,806000,0.254579911560328,801000,0.250625782227785,814000,0.248473748473748,812000,0.255909234163252,846000,0.254436090225564
    International,,127000,0.104354971240756,126000,0.101286173633441,111000,0.0951156812339332,117000,0.0933758978451716,116000,0.091699604743083,122000,0.0934865900383142,113000,0.0901116427432217,123000,0.0911786508524833,382000,0.218161050828098,403000,0.222898230088496,386000,0.222222222222222,418000,0.224128686327078,447000,0.23160621761658,484000,0.235982447586543,482000,0.238850346878097,494000,0.232470588235294,490000,0.232117479867361,513000,0.23371298405467,486000,0.23320537428023,518000,0.232182877633348,535000,0.23568281938326,574000,0.243117323168149,523000,0.245539906103286,475000,0.243215565796211,625000,0.266070668369519,655000,0.26453957996769,623000,0.257119273627734,704000,0.258823529411765,738000,0.265181458857348,783000,0.26417004048583,—,,688000,0.234172906739278,683000,0.233185387504268,707000,0.23457199734572,702000,0.237643872714963,768000,0.242577384712571,797000,0.249374217772215,818000,0.24969474969475,792000,0.249606051055783,833000,0.250526315789474
  Visa Credit Programs,,771000,0.633525061626952,794000,0.638263665594855,731000,0.626392459297344,792000,0.632083000798085,800000,0.632411067193676,828000,0.63448275862069,781000,0.62280701754386,852000,0.631578947368421,1010000,0.576813249571673,1031000,0.570243362831858,979000,0.563615428900403,1053000,0.564611260053619,1095000,0.567357512953368,1159000,0.565090199902487,1119000,0.554509415262636,1186000,0.558117647058823,1175000,0.556608242539081,1221000,0.55626423690205,1141000,0.547504798464491,1219000,0.54639175257732,1245000,0.548458149779736,1285000,0.544260906395595,1116000,0.523943661971831,946000,0.484383000512033,1121000,0.477224350787569,1216000,0.491114701130856,1143000,0.471729261246389,1286000,0.472794117647059,1342000,0.482213438735178,1465000,0.494264507422402,—,,1490000,0.5071477195371,1494000,0.510071696824855,1530000,0.507631055076311,1486000,0.503046716316858,1592000,0.5028427037271,1597000,0.499687108886108,1644000,0.501831501831502,1569000,0.494484714780964,1646000,0.495037593984962
    International,,458000,0.376335250616269,467000,0.37540192926045,428000,0.36675235646958,453000,0.361532322426177,455000,0.359683794466403,470000,0.360153256704981,447000,0.356459330143541,476000,0.352853965900667,601000,0.343232438606511,601000,0.332411504424779,575000,0.331030512377663,607000,0.325469168900804,646000,0.334715025906736,681000,0.332033154558752,673000,0.333498513379584,693000,0.326117647058824,676000,0.320227380388442,702000,0.319817767653759,668000,0.320537428023033,691000,0.309726580008965,712000,0.313656387665198,731000,0.309614570097416,624000,0.292957746478873,529000,0.270865335381464,628000,0.267347807577693,681000,0.275040387722132,643000,0.265373503920759,685000,0.251838235294118,720000,0.258713618397413,786000,0.265182186234818,—,,762000,0.259360108917631,767000,0.261864117446227,784000,0.260119442601194,782000,0.264725795531483,826000,0.260897030953885,830000,0.259699624530663,856000,0.261294261294261,820000,0.25843050740624,839000,0.252330827067669
    United States,,313000,0.257189811010682,327000,0.262861736334405,303000,0.259640102827764,339000,0.270550678371907,345000,0.272727272727273,358000,0.274329501915709,334000,0.266347687400319,376000,0.278724981467754,409000,0.233580810965163,430000,0.23783185840708,404000,0.23258491652274,446000,0.239142091152815,449000,0.232642487046632,478000,0.233057045343735,446000,0.221010901883053,493000,0.232,499000,0.236380862150639,519000,0.236446469248292,473000,0.226967370441459,528000,0.236665172568355,533000,0.234801762114537,554000,0.234646336298179,492000,0.230985915492958,417000,0.213517665130568,493000,0.209876543209877,535000,0.216074313408724,500000,0.206355757325629,601000,0.220955882352941,622000,0.223499820337765,679000,0.229082321187584,—,,728000,0.247787610619469,727000,0.248207579378628,746000,0.247511612475116,704000,0.238320920785376,766000,0.241945672773215,767000,0.239987484355444,789000,0.240842490842491,749000,0.236054207374724,807000,0.242706766917293
Network Spending Volume - Purchase Growth %,,—,,—,,—,,—,,—,,—,,—,,—,,—,,—,,—,,—,,—,,—,,—,,—,,—,,—,,—,,—,,—,,—,,—,,—,,—,,—,,—,,—,,—,,—,,—,,—,,—,,—,,—,,—,,—,,—,,—,,—,
  Visa Debit Programs,,9.7,,5.4,,3.8,,3.2,,4.1,,6.1,,8.2,,7.7,,59.7,,62.7,,60.3,,43.7,,12.7,,13.7,,17.6,,14.5,,10.6,,9.3,,4.9,,7.7,,9.5,,10.5,,7.6,,-0.4,,19.9,,17.1,,26.2,,42.3,,17.4,,19,,—,,1,,-0.4,,-1.1,,4.3,,8.4,,11.2,,9.6,,8.8,,6.3,
    International,,16.6,,2.3,,-3.6,,-4.5,,-9,,-3.5,,1.5,,5.4,,230.9,,232.8,,240.6,,78.6,,17.1,,18.3,,23.5,,16.5,,7.8,,6.3,,0.8,,4.8,,9.1,,11.8,,7.7,,-8.3,,16.4,,13.9,,18.9,,47.9,,18.1,,19.5,,—,,-2.2,,-7.6,,-9.8,,-1,,11.1,,16.4,,14.9,,11.7,,7.8,
    United States,,7.2,,6.6,,6.6,,6.2,,9.3,,9.8,,10.5,,8.5,,3,,4.9,,3.5,,5.7,,8,,8.7,,11.5,,12.3,,14,,12.8,,9.7,,10.9,,9.8,,9.1,,7.6,,8,,23.7,,20.8,,34.1,,37.3,,16.6,,18.4,,—,,4.1,,7.1,,8.5,,9.6,,6,,6.5,,4.8,,6.1,,4.9,
  Visa Credit Programs,,10.5,,7.8,,6.5,,6.6,,3.8,,4.1,,6.9,,7.5,,26.2,,24.5,,25.5,,23.9,,8.4,,12.2,,14,,12.3,,7,,5.3,,2,,2.7,,5.9,,5.3,,-2.2,,-22.4,,-9.8,,-5.4,,2.4,,35.8,,19.7,,20.4,,—,,15.8,,11.1,,4.5,,8.5,,6.9,,6.9,,7.5,,5.4,,3.4,
    United States,,12.8,,13.9,,12.3,,11.7,,10.2,,9.2,,10.5,,10.9,,18.8,,20.4,,20.8,,18,,9.7,,11.2,,10.3,,10.5,,11.2,,8.6,,6.3,,7.1,,6.8,,6.7,,3.9,,-21,,-7.4,,-3.4,,1.6,,44,,26.1,,26.8,,—,,21.2,,16.7,,9.9,,10.5,,5.1,,5.5,,5.8,,6.3,,5.3,
    International,,9,,3.9,,2.7,,3,,-0.5,,0.5,,4.4,,5.1,,31.8,,27.7,,29.1,,28.3,,7.5,,12.9,,16.6,,13.6,,4.1,,3,,-0.9,,-0.3,,5.2,,4.2,,-6.5,,-23.5,,-11.7,,-6.9,,3,,29.4,,14.6,,15.4,,—,,11.1,,6.3,,-0.2,,6.9,,8.7,,8.2,,9.2,,4.6,,1.6,
Network Spending Volume - Purchase Growth @ CC %,,—,,—,,—,,—,,—,,—,,—,,—,,—,,—,,—,,—,,—,,—,,—,,—,,—,,—,,—,,—,,—,,—,,—,,—,,—,,—,,—,,—,,—,,—,,—,,—,,—,,—,,—,,—,,—,,—,,—,,—,
  Visa Debit Programs,,10.2,,8.5,,7.6,,7.3,,10.1,,11.3,,11.9,,10.6,,61.7,,67.2,,64.3,,66.1,,11.5,,9.9,,12.2,,12.6,,13.3,,12.6,,9.7,,11.3,,11.5,,10.9,,9.4,,2.7,,20.1,,17.7,,23.9,,37.1,,15.4,,19.3,,—,,5,,4.4,,3.2,,7.3,,8.4,,9.3,,8.5,,9,,8,
    International,,20.6,,14.4,,11.3,,11,,12.8,,15.6,,16.5,,17.3,,239.9,,246.7,,241.5,,250.5,,14.7,,10.9,,12.9,,12.8,,12.7,,12.3,,9.6,,11.6,,13.1,,12.5,,11.1,,-2.7,,17,,14.9,,14.3,,36.8,,14.4,,19.5,,—,,5.9,,1.5,,-2.1,,4.9,,11.1,,12.3,,12.4,,12.2,,11.4,
    United States,,7.2,,6.6,,6.6,,6.2,,9.3,,9.8,,10.5,,8.5,,3,,4.9,,3.5,,5.3,,8,,8.7,,11.5,,12.3,,14,,12.8,,9.7,,10.9,,9.8,,9.1,,7.6,,8,,23.7,,20.8,,34.1,,37.3,,16.6,,18.4,,—,,4.1,,7.1,,8.5,,9.6,,6,,6.5,,4.8,,6.1,,4.9,
  Visa Credit Programs,,11.9,,12.7,,12.2,,13.1,,13.1,,11.6,,12.3,,10.2,,25.9,,25.6,,25.8,,24.8,,8.5,,10,,10.2,,10.8,,10.4,,9.1,,6.8,,6.7,,7.2,,6.1,,-0.3,,-20.4,,-9.4,,-6.3,,0.3,,31.6,,18.3,,21.8,,—,,20.5,,17.1,,10.7,,12.9,,8.9,,8.1,,8.2,,7.9,,6.8,
    International,,11.2,,11.7,,12.2,,14.3,,15.5,,13.5,,13.7,,9.7,,31.3,,29.5,,29.3,,29.4,,7.7,,9.2,,10.1,,11,,9.8,,9.4,,7,,6.4,,7.4,,5.6,,-3.4,,-19.9,,-10.8,,-8.5,,-0.8,,21.7,,12.2,,17.3,,—,,19.7,,17.5,,11.3,,15.2,,12.7,,10.6,,10.6,,9.5,,8.2,
    United States,,12.8,,13.9,,12.3,,11.7,,10.2,,9.2,,10.5,,10.9,,18.8,,20.4,,20.8,,18.9,,9.7,,11.2,,10.3,,10.5,,11.2,,8.6,,6.3,,7.1,,6.8,,6.7,,3.9,,-21,,-7.4,,-3.4,,1.6,,44,,26.1,,26.8,,—,,21.2,,16.7,,9.9,,10.5,,5.1,,5.5,,5.8,,6.3,,5.3,
Network Spending Volume - Cash,,667000,1.0,654000,1.0,584000,1.0,601000,1.0,584000,1.0,585000,1.0,542000,1.0,585000,1.0,730000,1.0,719000,1.0,684000,1.0,734000,1.0,745000,1.0,762000,1.0,737000,1.0,743000,1.0,722000,1.0,729000,1.0,678000,1.0,705000,1.0,714000,1.0,719000,1.0,644000,1.0,541000,1.0,647000,1.0,640000,1.0,621000,1.0,653000,1.0,677000,1.0,667000,1.0,—,,614000,1.0,606000,1.0,615000,1.0,596000,1.0,633000,1.0,628000,1.0,634000,1.0,607000,1.0,624000,1.0
  Visa Debit Programs,,606000,0.908545727136432,598000,0.914373088685015,536000,0.917808219178082,551000,0.916805324459235,534000,0.914383561643836,537000,0.917948717948718,498000,0.918819188191882,533000,0.911111111111111,661000,0.905479452054795,655000,0.910987482614743,623000,0.910818713450292,669000,0.911444141689373,677000,0.908724832214765,695000,0.912073490813648,671000,0.91044776119403,677000,0.911170928667564,657000,0.909972299168975,664000,0.910836762688615,616000,0.908554572271386,641000,0.909219858156028,648000,0.907563025210084,656000,0.912378303198887,585000,0.908385093167702,501000,0.926062846580407,602000,0.930448222565688,593000,0.9265625,575000,0.925925925925926,603000,0.923430321592649,624000,0.921713441654357,613000,0.91904047976012,—,,561000,0.913680781758958,551000,0.909240924092409,561000,0.91219512195122,541000,0.907718120805369,576000,0.909952606635071,572000,0.910828025477707,578000,0.911671924290221,551000,0.907742998352554,568000,0.91025641025641
    International,,496000,0.743628185907046,490000,0.749235474006116,429000,0.73458904109589,438000,0.728785357737105,420000,0.719178082191781,424000,0.724786324786325,383000,0.706642066420664,414000,0.707692307692308,541000,0.741095890410959,536000,0.74547983310153,504000,0.736842105263158,542000,0.73841961852861,550000,0.738255033557047,571000,0.749343832020997,546000,0.740841248303935,546000,0.73485868102288,527000,0.729916897506925,537000,0.736625514403292,490000,0.722713864306785,509000,0.721985815602837,515000,0.721288515406162,526000,0.731571627260083,460000,0.714285714285714,366000,0.676524953789279,443000,0.684698608964451,457000,0.7140625,425000,0.684380032206119,443000,0.678407350689127,453000,0.669128508124077,470000,0.704647676161919,—,,416000,0.677524429967427,409000,0.674917491749175,422000,0.686178861788618,405000,0.679530201342282,433000,0.684044233807267,429000,0.68312101910828,439000,0.692429022082019,415000,0.683690280065898,429000,0.6875
    United States,,110000,0.164917541229385,108000,0.165137614678899,107000,0.183219178082192,113000,0.18801996672213,114000,0.195205479452055,113000,0.193162393162393,115000,0.212177121771218,119000,0.203418803418803,120000,0.164383561643836,119000,0.165507649513213,119000,0.173976608187135,127000,0.173024523160763,127000,0.170469798657718,124000,0.162729658792651,125000,0.169606512890095,131000,0.176312247644684,130000,0.18005540166205,127000,0.174211248285322,126000,0.185840707964602,132000,0.187234042553191,133000,0.186274509803922,130000,0.180806675938804,125000,0.194099378881988,135000,0.249537892791128,159000,0.245749613601236,136000,0.2125,150000,0.241545893719807,160000,0.245022970903522,171000,0.252584933530281,143000,0.214392803598201,—,,145000,0.236156351791531,142000,0.234323432343234,139000,0.226016260162602,136000,0.228187919463087,143000,0.225908372827804,143000,0.227707006369427,139000,0.219242902208202,136000,0.224052718286656,139000,0.22275641025641
  Visa Credit Programs,,61000,0.0914542728635682,56000,0.0856269113149847,48000,0.0821917808219178,50000,0.0831946755407654,50000,0.0856164383561644,48000,0.082051282051282,44000,0.0811808118081181,52000,0.0888888888888889,69000,0.0945205479452055,64000,0.0890125173852573,61000,0.0891812865497076,65000,0.0885558583106267,68000,0.0912751677852349,67000,0.0879265091863517,66000,0.0895522388059701,66000,0.0888290713324361,65000,0.0900277008310249,65000,0.0891632373113855,62000,0.0914454277286136,64000,0.0907801418439716,66000,0.092436974789916,63000,0.0876216968011127,59000,0.0916149068322981,40000,0.0739371534195934,45000,0.0695517774343122,47000,0.0734375,46000,0.0740740740740741,50000,0.0765696784073507,53000,0.0782865583456425,54000,0.0809595202398801,—,,53000,0.0863192182410423,55000,0.0907590759075908,54000,0.0878048780487805,55000,0.0922818791946309,57000,0.0900473933649289,56000,0.089171974522293,56000,0.0883280757097792,56000,0.0922570016474465,56000,0.0897435897435897
    International,,47000,0.0704647676161919,43000,0.0657492354740061,35000,0.0599315068493151,37000,0.0615640599001664,36000,0.0616438356164384,34000,0.0581196581196581,30000,0.0553505535055351,37000,0.0632478632478632,54000,0.073972602739726,50000,0.0695410292072323,47000,0.0687134502923977,51000,0.0694822888283379,54000,0.0724832214765101,54000,0.0708661417322835,51000,0.0691994572591588,52000,0.0699865410497981,51000,0.0706371191135734,51000,0.0699588477366255,47000,0.0693215339233038,50000,0.0709219858156028,51000,0.0714285714285714,49000,0.0681502086230876,44000,0.0683229813664596,33000,0.0609981515711645,39000,0.0602782071097372,40000,0.0625,38000,0.0611916264090177,41000,0.0627871362940276,43000,0.0635155096011817,44000,0.0659670164917541,—,,42000,0.0684039087947883,42000,0.0693069306930693,43000,0.0699186991869919,43000,0.0721476510067114,46000,0.0726698262243286,45000,0.071656050955414,45000,0.0709779179810726,44000,0.0724876441515651,44000,0.0705128205128205
    United States,,14000,0.0209895052473763,13000,0.0198776758409786,13000,0.0222602739726027,13000,0.021630615640599,14000,0.023972602739726,14000,0.0239316239316239,14000,0.025830258302583,15000,0.0256410256410256,15000,0.0205479452054795,14000,0.019471488178025,14000,0.0204678362573099,14000,0.0190735694822888,14000,0.0187919463087248,13000,0.0170603674540682,15000,0.0203527815468114,14000,0.018842530282638,14000,0.0193905817174515,14000,0.0192043895747599,15000,0.0221238938053097,14000,0.0198581560283688,14000,0.0196078431372549,14000,0.019471488178025,15000,0.0232919254658385,7000,0.0129390018484288,6000,0.00927357032457496,7000,0.0109375,8000,0.0128824476650564,9000,0.0137825421133231,10000,0.0147710487444609,10000,0.0149925037481259,—,,11000,0.0179153094462541,13000,0.0214521452145215,11000,0.0178861788617886,12000,0.0201342281879195,11000,0.0173775671406003,11000,0.017515923566879,11000,0.0173501577287066,12000,0.0197693574958814,12000,0.0192307692307692
Network Spending Volume - Cash Growth %,,—,,—,,—,,—,,—,,—,,—,,—,,—,,—,,—,,—,,—,,—,,—,,—,,—,,—,,—,,—,,—,,—,,—,,—,,—,,—,,—,,—,,—,,—,,—,,—,,—,,—,,—,,—,,—,,—,,—,,—,
  Visa Debit Programs,,4.7,,-2,,-5.2,,-7.1,,-11.8,,-10.1,,-7.1,,-3.4,,23.5,,22.2,,25.3,,25.6,,2.4,,5.3,,6.7,,0,,-4.7,,-4.6,,-8.3,,-5.2,,-1.3,,-1.1,,-5.1,,-22,,-7.2,,-9.6,,-2.4,,21.2,,3.8,,3.3,,—,,-7,,-11.3,,-8.4,,-2.8,,2.8,,3.6,,2.8,,1.7,,-1.6,
    International,,4.6,,-3.4,,-7.1,,-9.6,,-15.3,,-13.5,,-10.7,,-5.6,,28.5,,26.8,,31.9,,31,,1.7,,5.6,,7,,-0.6,,-6.2,,-6.3,,-10.4,,-6.8,,-2.2,,-1.9,,-6.1,,-28.2,,-14.1,,-13.2,,-8.6,,22.2,,2.4,,2.8,,—,,-6.1,,-9.8,,-10.1,,-4.4,,4.2,,4.8,,3.7,,2.4,,-1.1,
    United States,,5.3,,4.7,,3.4,,3.8,,3.9,,5.2,,7.3,,5.3,,5,,5.1,,3.5,,6.8,,5.7,,3.7,,5,,2.8,,2.2,,2.9,,1,,1.3,,2.3,,2.2,,-1.1,,2,,19.2,,4.8,,20.8,,18.4,,7.8,,5,,—,,-9.4,,-15.5,,-3,,2.4,,-1.2,,0.1,,-0.2,,-0.4,,-3,
  Visa Credit Programs,,-2.5,,-13.1,,-16.8,,-16.2,,-18.6,,-13.7,,-7.5,,1.4,,40.4,,32.9,,40.2,,26.9,,-2.6,,4.3,,6.4,,0.8,,-3.2,,-3.1,,-5.8,,-2.7,,-0.6,,-3.3,,-4.6,,-36.6,,-31.2,,-25.3,,-20.8,,22.5,,17.9,,15.8,,—,,6.4,,2.7,,1,,10.5,,9.1,,3.2,,2.6,,2.8,,-1.7,
    United States,,11.8,,9.2,,12.1,,3.5,,3,,7.9,,8.6,,10.9,,6.2,,0,,0.6,,-3.9,,-7,,-5.9,,0.9,,-4.5,,0.6,,4.7,,0.6,,5.3,,0.3,,1.4,,1.9,,-50.3,,-55.9,,-54.4,,-45.7,,23.7,,57,,54.3,,—,,24.5,,25.4,,13.1,,20.7,,1.1,,-10.6,,-4.4,,1.5,,7.6,
    International,,-6,,-18.3,,-24.2,,-21.6,,-24.9,,-20.3,,-13.7,,-2,,54.3,,46.7,,59.3,,39.4,,-1.3,,7.3,,8.1,,2.3,,-4.2,,-5,,-7.7,,-4.8,,-0.9,,-4.6,,-6.6,,-32.6,,-24.3,,-16.7,,-12.2,,22.3,,11.4,,9.6,,—,,2.4,,-2.6,,-1.8,,7.9,,11.3,,7.4,,4.5,,3.1,,-4,
Network Spending Volume - Cash Growth @ CC %,,—,,—,,—,,—,,—,,—,,—,,—,,—,,—,,—,,—,,—,,—,,—,,—,,—,,—,,—,,—,,—,,—,,—,,—,,—,,—,,—,,—,,—,,—,,—,,—,,—,,—,,—,,—,,—,,—,,—,,—,
  Visa Credit Programs,,2.6,,1.4,,1.1,,-1.6,,-0.4,,-0.7,,0.7,,8.5,,43,,34.9,,38.1,,26.9,,-4.4,,0.1,,0.8,,-1.1,,0.3,,1.3,,0.2,,1.9,,1.1,,-2.7,,-2.6,,-34.3,,-30.6,,-25.3,,-23.2,,16.3,,16.5,,17.7,,—,,13.7,,11,,9.1,,16.6,,10.7,,2.8,,2.6,,5.7,,2.7,
    United States,,11.8,,9.2,,12.1,,3.5,,3,,7.9,,8.6,,10.9,,6.2,,0,,0.6,,-3.9,,-7,,-5.9,,0.9,,-4.5,,0.6,,4.7,,0.6,,5.3,,0.3,,1.4,,1.9,,-50.3,,-55.9,,-54.4,,-45.7,,23.7,,57,,54.3,,—,,24.5,,25.4,,13.1,,20.7,,1.1,,-10.6,,-4.4,,1.5,,7.6,
    International,,-0.5,,-1.2,,-3.1,,-3.5,,-1.7,,-3.9,,-2.6,,7.6,,57.9,,49,,54.4,,40,,-3.7,,1.8,,0.8,,-0.1,,0.2,,0.4,,0,,1,,1.3,,-3.8,,-4.1,,-29.5,,-23.4,,-16.5,,-15.3,,14.6,,9.9,,11,,—,,11.1,,7.4,,8.1,,15.5,,13.3,,6.9,,4.5,,6.9,,1.4,
  Visa Debit Programs,,8.7,,8.8,,7.4,,5.7,,5.2,,4.3,,3.9,,5.5,,26.9,,24.3,,23.3,,24.7,,1.2,,2.3,,2.7,,1.9,,2,,1.7,,-1.2,,-0.8,,0,,-0.3,,-2.2,,-16.5,,-2.9,,-6,,-0.8,,18.9,,4.4,,5.7,,—,,-2.6,,-6.6,,-4.1,,1.1,,4,,2.6,,2.4,,2.6,,1.7,
    International,,9.7,,9.9,,8.5,,6.2,,5.5,,4,,2.9,,5.5,,33,,29.5,,28.9,,29.9,,0.2,,2,,2.1,,1.6,,1.9,,1.4,,-1.8,,-1.4,,-0.6,,-0.9,,-2.4,,-21.8,,-9,,-8.9,,-7,,19.1,,3.2,,5.9,,—,,0.1,,-3.1,,-4.4,,0.7,,5.8,,3.5,,3.3,,3.7,,3.4,
    United States,,5.3,,4.7,,3.4,,3.8,,3.9,,5.2,,7.3,,5.3,,5,,5.1,,3.5,,6.8,,5.7,,3.7,,5,,2.8,,2.2,,2.9,,1,,1.3,,2.3,,2.2,,-1.1,,2,,19.2,,4.8,,20.8,,18.4,,7.8,,5,,—,,-9.4,,-15.5,,-3,,2.4,,-1.2,,0.1,,-0.2,,-0.4,,-3,
Network Processed Transactions  - Purchase,,20946,1.0,21751,1.0,21039,1.0,22723,1.0,23642,1.0,24656,1.0,23956,1.0,25752,1.0,33703,1.0,35497,1.0,34186,1.0,36787,1.0,37690,1.0,39319,1.0,38062,1.0,41227,1.0,42475,1.0,44324,1.0,42207,1.0,46219,1.0,47838,1.0,49288,1.0,45694,1.0,40679,1.0,49704,1.0,51561,1.0,49261,1.0,55575,1.0,58888,1.0,62146,1.0,—,,59611,1.0,61869,1.0,63297,1.0,60941,1.0,66111,1.0,68441,1.0,70268,1.0,67921,1.0,72655,1.0
  Visa Debit Programs,,11658,0.556574047550845,12025,0.552848144912878,11884,0.564855744094301,12731,0.560269330634159,13207,0.558624481854327,13773,0.55860642439974,13624,0.568709300384037,14546,0.564849332090711,20129,0.597246535916684,21366,0.601910020565118,20858,0.610132802901773,22476,0.61097670372686,22914,0.607959671000265,24050,0.611663572318726,23640,0.621091902685093,25528,0.619205860237223,26327,0.619823425544438,27568,0.621965526577024,26577,0.62968228019049,29067,0.628897206776434,29953,0.626134035703834,30963,0.628205648433696,29205,0.6391429947039,26456,0.650360136679859,32839,0.660691292451312,33652,0.652663835069141,32566,0.661090923854571,36804,0.662240215924427,38806,0.658979758185029,40620,0.653622115663116,—,,37939,0.636442938383855,39132,0.632497696746351,40123,0.633884702276569,39024,0.640357066671043,42162,0.637745609656487,43507,0.635686211481422,44706,0.636221324073547,43417,0.639227926561741,46328,0.637643658385521
    International,,3079,0.146997040007639,3387,0.155716978529723,3301,0.156899092162175,3539,0.155745280112661,3780,0.159884950511801,4133,0.167626541207008,4118,0.171898480547671,4449,0.172763280521901,10326,0.306382221167255,11367,0.320224244302335,11123,0.325367109343006,12058,0.327778834914508,12566,0.333404085964447,13457,0.342251837534017,13119,0.344674478482476,14242,0.345453222402794,14974,0.352536786344909,16006,0.361113617904521,15307,0.362664960788495,16848,0.364525411627253,17768,0.371420209874995,18707,0.379544716766759,17522,0.383463912110999,15264,0.375230462892401,19841,0.39918316433285,20494,0.397470956730863,19187,0.389496762144496,22169,0.398902384165542,24141,0.409947697323733,25810,0.415312329031635,—,,22565,0.378537518243277,23626,0.381871373385702,24291,0.383762263614389,23496,0.385553240019035,25557,0.386577120297681,26825,0.391943425724347,27904,0.397108214265384,26960,0.396931729509283,28989,0.398995251531209
    United States,,8579,0.409577007543206,8638,0.397131166383155,8583,0.407956651932126,9192,0.404524050521498,9427,0.398739531342526,9640,0.390979883192732,9506,0.396810819836367,10097,0.39208605156881,9803,0.290864314749429,9999,0.281685776262783,9735,0.284765693558767,10418,0.283197868812352,10348,0.274555585035819,10593,0.26941173478471,10520,0.276391151279491,11286,0.273752637834429,11353,0.267286639199529,11562,0.260851908672502,11270,0.267017319401995,12219,0.264371795149181,12185,0.254713825828839,12256,0.248660931666937,11683,0.255679082592901,11192,0.275129673787458,12998,0.261508128118461,13158,0.255192878338279,13379,0.271594161710075,14635,0.263337831758884,14665,0.249032060861296,14810,0.238309786631481,—,,15374,0.257905420140578,15506,0.250626323360649,15832,0.25012243866218,15527,0.254787417338081,16605,0.251168489358806,16682,0.243742785757075,16802,0.239113109808163,16457,0.242296197052458,17339,0.238648406854311
  Visa Credit Programs,,9288,0.443425952449155,9726,0.447151855087122,9155,0.435144255905699,9992,0.439730669365841,10435,0.441375518145673,10883,0.44139357560026,10332,0.431290699615963,11206,0.435150667909289,13574,0.402753464083316,14131,0.398089979434882,13328,0.389867197098227,14311,0.38902329627314,14776,0.392040328999735,15269,0.388336427681274,14422,0.378908097314907,15699,0.380794139762777,16148,0.380176574455562,16756,0.378034473422976,15630,0.37031771980951,17152,0.371102793223566,17885,0.373865964296166,18325,0.371794351566304,16489,0.3608570052961,14223,0.349639863320141,16865,0.339308707548688,17909,0.347336164930859,16695,0.338909076145429,18771,0.337759784075574,20082,0.341020241814971,21526,0.346377884336884,—,,21672,0.363557061616145,22737,0.367502303253649,23174,0.366115297723431,21917,0.359642933328957,23949,0.362254390343513,24934,0.364313788518578,25562,0.363778675926453,24504,0.360772073438259,26327,0.362356341614479
    International,,5554,0.265158025398644,5769,0.265229184865064,5532,0.262940253814345,5917,0.26039695462747,6214,0.262837323407495,6490,0.263221933809215,6269,0.261688094840541,6623,0.257183908045977,8452,0.250778862415809,8781,0.247373017438093,8376,0.245012578248406,8789,0.238915921385272,9127,0.242159724064739,9345,0.237671354815738,9004,0.236561399821344,9709,0.235501006621874,10000,0.235432607416127,10426,0.235222452847216,9931,0.235292723955742,10760,0.232804690711612,11283,0.235858522513483,11570,0.234742736568739,10547,0.230818050509914,9319,0.229086260724207,11000,0.221310156124256,11600,0.224976241733093,10949,0.222265077850632,12008,0.216068376068376,12830,0.217871213150387,13870,0.223184114826377,—,,13788,0.231299592357115,14641,0.236645169632611,14899,0.235382403589428,14241,0.233685039628493,15527,0.234862579600974,16283,0.237912946917783,16705,0.237732680594296,16246,0.239189646795542,17339,0.238648406854311
    United States,,3734,0.178267927050511,3957,0.181922670222059,3623,0.172204002091354,4075,0.179333714738371,4221,0.178538194738178,4393,0.178171641791045,4063,0.169602604775422,4583,0.177966759863312,5122,0.151974601667507,5350,0.150716961996788,4952,0.144854618849822,5522,0.150107374887868,5649,0.149880604934996,5924,0.150665072865536,5418,0.142346697493563,5990,0.145293133140903,6148,0.144743967039435,6330,0.14281202057576,5699,0.135024995853768,6392,0.138298102511954,6602,0.138007441782683,6755,0.137051614997565,5942,0.130038954786186,4903,0.120529019887411,5865,0.117998551424433,6309,0.122359923197766,5746,0.116643998294797,6763,0.121691408007197,7252,0.123149028664584,7656,0.123193769510508,—,,7884,0.132257469259029,8096,0.130857133621038,8275,0.130732894134003,7676,0.125957893700464,8422,0.127391810742539,8651,0.126400841600795,8857,0.126045995332157,8258,0.121582426642717,8988,0.123707934760168
Network Processed Transactions - Cash,,4143,1.0,4243,1.0,4051,1.0,4231,1.0,4304,1.0,4391,1.0,4196,1.0,4381,1.0,5479,1.0,5470,1.0,5159,1.0,5429,1.0,5410,1.0,5500,1.0,5320,1.0,5525,1.0,5523,1.0,5623,1.0,5134,1.0,5399,1.0,5419,1.0,5474,1.0,4857,1.0,3757,1.0,4470,1.0,4455,1.0,4205,1.0,4333,1.0,4554,1.0,4534,1.0,—,,4316,1.0,4360,1.0,4413,1.0,4173,1.0,4314,1.0,4313,1.0,4318,1.0,4159,1.0,4320,1.0
  Visa Debit Programs,,3949,0.953174028481776,4054,0.955456045251002,3883,0.958528758331276,4055,0.958402268967147,4123,0.957946096654275,4210,0.958779321339103,4030,0.960438512869399,4205,0.959826523624743,5199,0.948895783902172,5211,0.952650822669104,4921,0.953867028493894,5180,0.954135199852643,5162,0.954158964879852,5261,0.956545454545455,5099,0.958458646616541,5291,0.957647058823529,5287,0.957269599855151,5385,0.957673839587409,4914,0.95714842228282,5158,0.955362104093351,5179,0.955711385864551,5250,0.959079283887468,4658,0.959028206711962,3615,0.962203886079319,4297,0.961297539149888,4287,0.962289562289562,4049,0.962901307966706,4159,0.959843064851142,4362,0.957839262187088,4342,0.957653286281429,—,,4128,0.956441149212233,4159,0.953899082568807,4210,0.953999546793564,3979,0.953510663791038,4107,0.95201668984701,4110,0.952932993276142,4117,0.953450671607226,3966,0.953594614089925,4124,0.95462962962963
    International,,3014,0.727492155442916,3155,0.743577657317935,3008,0.74253270797334,3120,0.737414322855117,3184,0.739776951672863,3293,0.749943065360966,3111,0.741420400381316,3249,0.74161150422278,4260,0.777514144916956,4291,0.784460694698355,4006,0.776507075014538,4193,0.772333763123964,4171,0.77097966728281,4320,0.785454545454546,4141,0.778383458646617,4312,0.780452488687783,4346,0.786891182328445,4475,0.795838520362796,4040,0.786910790806389,4227,0.782922763474718,4244,0.783170326628529,4342,0.793204238217026,3816,0.785670166769611,2913,0.775352675006654,3494,0.78165548098434,3531,0.792592592592593,3272,0.778121284185494,3334,0.76944380336949,3435,0.754281949934124,3535,0.779664755183061,—,,3317,0.768535681186284,3358,0.770183486238532,3441,0.779741672331747,3238,0.775940570333094,3329,0.771673620769587,3329,0.771852538836077,3369,0.780222325150533,3237,0.778312094253426,3379,0.782175925925926
    United States,,935,0.225681873038861,899,0.211878387933066,875,0.215996050357936,935,0.22098794611203,939,0.218169144981413,917,0.208836255978137,919,0.219018112488084,956,0.218215019401963,939,0.171381638985216,920,0.16819012797075,915,0.177359953479356,987,0.181801436728679,991,0.183179297597043,941,0.171090909090909,958,0.180075187969925,979,0.177194570135747,941,0.170378417526706,910,0.161835319224613,874,0.170237631476432,931,0.172439340618633,935,0.172541059236021,908,0.165875045670442,842,0.173358039942351,701,0.186585041256322,803,0.179642058165548,756,0.16969696969697,777,0.184780023781213,825,0.190399261481652,927,0.203557312252964,807,0.177988531098368,—,,811,0.18790546802595,801,0.183715596330275,769,0.174257874461817,741,0.177570093457944,778,0.180343069077422,781,0.181080454440065,748,0.173228346456693,729,0.175282519836499,745,0.172453703703704
  Visa Credit Programs,,194,0.0468259715182235,189,0.0445439547489983,168,0.0414712416687238,176,0.0415977310328528,181,0.0420539033457249,181,0.0412206786608973,166,0.0395614871306006,176,0.0401734763752568,280,0.0511042160978281,259,0.0473491773308958,238,0.0461329715061058,249,0.0458648001473568,248,0.0458410351201479,239,0.0434545454545455,221,0.0415413533834586,234,0.0423529411764706,236,0.0427304001448488,238,0.0423261604125911,220,0.0428515777171796,241,0.0446378959066494,240,0.0442886141354494,224,0.040920716112532,199,0.0409717932880379,142,0.0377961139206814,173,0.0387024608501119,168,0.0377104377104377,156,0.0370986920332937,174,0.0401569351488576,192,0.0421607378129117,192,0.0423467137185708,—,,188,0.0435588507877665,201,0.0461009174311927,203,0.0460004532064355,194,0.0464893362089624,207,0.0479833101529903,203,0.0470670067238581,201,0.0465493283927744,193,0.0464053859100745,196,0.0453703703703704
    International,,177,0.0427226647356988,173,0.0407730379448503,153,0.0377684522340163,160,0.0378161191207752,164,0.0381040892193309,164,0.0373491232065589,150,0.0357483317445186,159,0.0362930837708286,262,0.0478189450629677,243,0.0444241316270567,222,0.0430315952704012,233,0.0429176643949162,231,0.0426987060998152,223,0.0405454545454545,206,0.0387218045112782,219,0.0396380090497738,220,0.0398334238638421,223,0.0396585452605371,206,0.0401246591351773,226,0.0418596036303019,224,0.0413360398597527,209,0.0381804895871392,185,0.0380893555692814,134,0.0356667553899388,163,0.0364653243847875,158,0.0354657687991021,146,0.0347205707491082,163,0.0376182783291022,175,0.0384277558190602,178,0.039258932509925,—,,173,0.0400834105653383,184,0.0422018348623853,187,0.0423748017221845,177,0.0424155283968368,191,0.0442744552619379,189,0.0438210062601437,187,0.0433070866141732,177,0.0425583072854051,180,0.0416666666666667
    United States,,17,0.00410330678252474,16,0.00377091680414801,15,0.00370278943470748,16,0.00378161191207752,17,0.00394981412639405,17,0.00387155545433842,16,0.00381315538608198,17,0.00388039260442821,18,0.00328527103486038,16,0.00292504570383912,16,0.00310137623570459,16,0.0029471357524406,17,0.00314232902033272,16,0.00290909090909091,15,0.00281954887218045,15,0.00271493212669683,16,0.0028969762810067,15,0.00266761515205406,14,0.00272691858200234,15,0.00277829227634747,16,0.00295257427569662,15,0.00274022652539277,14,0.00288243771875643,8,0.00212935853074261,10,0.00223713646532438,10,0.00224466891133558,10,0.00237812128418549,11,0.00253865681975537,17,0.00373298199385156,14,0.00308778120864579,—,,15,0.00347544022242817,17,0.00389908256880734,16,0.00362565148425108,17,0.00407380781212557,16,0.00370885489105239,14,0.00324600046371435,14,0.0032422417786012,16,0.00384707862466939,16,0.0037037037037037
Number of Accounts,,2041,1.0,2089,1.0,2119,1.0,2141,1.0,2153,1.0,2176,1.0,2198,1.0,2230,1.0,2738,1.0,2798,1.0,2820,1.0,2841,1.0,2857,1.0,2887,1.0,2915,1.0,2943,1.0,3007,1.0,3011,1.0,3039,1.0,3046,1.0,3018,1.0,3105,1.0,3102,1.0,3120,1.0,3130,1.0,3228,1.0,3276,1.0,—,,3448,1.0,3544,1.0,—,,—,,—,,—,,—,,—,,—,,—,,—,,—,
  Visa Credit Programs,,714,0.349828515433611,721,0.345141215892772,730,0.344502123643228,742,0.346567024754787,743,0.345099860659545,754,0.346507352941176,759,0.345313921747043,780,0.349775784753363,931,0.340029218407597,935,0.334167262330236,925,0.328014184397163,920,0.323829637451602,927,0.324466223311165,937,0.324558365084863,941,0.322813036020583,950,0.322799864084268,961,0.319587628865979,973,0.323148455662571,972,0.319842053307009,974,0.319763624425476,983,0.32571239231279,988,0.318196457326892,987,0.318181818181818,985,0.315705128205128,987,0.315335463258786,992,0.30731102850062,998,0.304639804639805,—,,1003,0.290893271461717,1031,0.290914221218962,—,,—,,—,,—,,—,,—,,—,,—,,—,,—,
    International,,484,0.237138657520823,485,0.232168501675443,488,0.230297310051911,496,0.231667445119103,499,0.231769623780771,505,0.232077205882353,504,0.229299363057325,509,0.228251121076233,655,0.239225712198685,653,0.233380986418871,651,0.230851063829787,659,0.231960577261528,663,0.232061603080154,670,0.232074818150329,676,0.231903945111492,685,0.232755691471288,692,0.230129697372797,700,0.232480903354367,701,0.230667982889108,704,0.231122783978989,711,0.23558648111332,712,0.229307568438003,711,0.229206963249516,710,0.227564102564103,710,0.226837060702875,714,0.221189591078067,718,0.219169719169719,—,,724,0.209976798143852,742,0.209367945823928,—,,—,,—,,—,,—,,—,,—,,—,,—,,—,
    United States,,230,0.112689857912788,236,0.112972714217329,241,0.113732892873997,246,0.114899579635684,244,0.113330236878774,249,0.114430147058824,255,0.116014558689718,271,0.12152466367713,276,0.100803506208912,282,0.100786275911365,274,0.0971631205673759,261,0.0918690601900739,264,0.0924046202310115,267,0.0924835469345341,265,0.0909090909090909,265,0.09004417261298,269,0.0894579314931826,273,0.0906675523082033,271,0.0891740704179006,270,0.0886408404464872,272,0.0901259111994698,276,0.0888888888888889,276,0.0889748549323017,275,0.0881410256410256,277,0.0884984025559105,278,0.0861214374225527,280,0.0854700854700855,—,,279,0.0809164733178654,289,0.0815462753950339,—,,—,,—,,—,,—,,—,,—,,—,,—,,—,
  Visa Debit Programs,,1327,0.650171484566389,1368,0.654858784107228,1389,0.655497876356772,1399,0.653432975245212,1410,0.654900139340455,1422,0.653492647058823,1439,0.654686078252957,1450,0.650224215246637,1807,0.659970781592403,1863,0.665832737669764,1895,0.671985815602837,1921,0.676170362548398,1930,0.675533776688834,1950,0.675441634915137,1974,0.677186963979417,1993,0.677200135915732,2046,0.680412371134021,2038,0.67685154433743,2067,0.680157946692991,2072,0.680236375574524,2035,0.67428760768721,2117,0.681803542673108,2115,0.681818181818182,2135,0.684294871794872,2143,0.684664536741214,2236,0.69268897149938,2278,0.695360195360195,—,,2445,0.709106728538283,2513,0.709085778781038,—,,—,,—,,—,,—,,—,,—,,—,,—,,—,
    International,,970,0.475257226849584,994,0.475825753949258,1010,0.476639924492685,1017,0.475011676786548,1030,0.478402229447283,1029,0.472886029411765,1032,0.469517743403094,1044,0.468161434977578,1386,0.506208911614317,1426,0.509649749821301,1458,0.517021276595745,1479,0.520591341077085,1499,0.524676233811691,1515,0.524766193280222,1533,0.52590051457976,1551,0.527013251783894,1577,0.524442966411706,1557,0.517103952175357,1580,0.519907864429089,1583,0.519697964543664,1542,0.510934393638171,1600,0.515297906602254,1598,0.515151515151515,1607,0.515064102564103,1610,0.514376996805112,1654,0.512391573729864,1668,0.509157509157509,—,,1755,0.508990719257541,1810,0.510722347629797,—,,—,,—,,—,,—,,—,,—,,—,,—,,—,
    United States,,357,0.174914257716805,374,0.17903303015797,379,0.178857951864087,382,0.178421298458664,380,0.176497909893172,393,0.180606617647059,407,0.185168334849864,406,0.182062780269058,421,0.153761869978086,437,0.156182987848463,437,0.154964539007092,442,0.155579021471313,431,0.150857542877144,434,0.150329061309318,440,0.150943396226415,442,0.150186884131838,470,0.15630196208846,481,0.159747592162072,487,0.160250082263903,489,0.16053841103086,493,0.163353214049039,517,0.166505636070854,517,0.166666666666667,528,0.169230769230769,533,0.170287539936102,582,0.180297397769517,610,0.186202686202686,—,,690,0.200116009280742,703,0.198363431151242,—,,—,,—,,—,,—,,—,,—,,—,,—,,—,
Number of Cards,,2341,1.0,2401,1.0,2418,1.0,2438,1.0,2452,1.0,2472,1.0,2465,1.0,2504,1.0,3076,1.0,3133,1.0,3156,1.0,3191,1.0,3210,1.0,3250,1.0,3266,1.0,3272,1.0,3346,1.0,3355,1.0,3375,1.0,3400,1.0,3380,1.0,3478,1.0,3469,1.0,3493,1.0,3494,1.0,3586,1.0,3646,1.0,—,,3834,1.0,3935,1.0,—,,—,,—,,—,,—,,—,,—,,—,,—,,—,
  Visa Credit Programs,,850,0.363092695429304,856,0.356518117451062,864,0.357320099255583,877,0.359721082854799,880,0.358890701468189,885,0.358009708737864,863,0.350101419878296,891,0.355830670926518,1060,0.344603381014304,1063,0.339291413980211,1060,0.335868187579214,1069,0.335004700720777,1073,0.334267912772586,1084,0.333538461538462,1090,0.333741579914268,1097,0.335268948655257,1107,0.330842797369994,1118,0.333233979135618,1120,0.331851851851852,1123,0.330294117647059,1135,0.335798816568047,1142,0.328349626221967,1141,0.328913231478812,1139,0.32608073289436,1141,0.326559816828849,1157,0.322643614054657,1158,0.317608337904553,—,,1180,0.307772561293688,1208,0.306988564167726,—,,—,,—,,—,,—,,—,,—,,—,,—,,—,
    International,,545,0.23280649295173,543,0.226155768429821,546,0.225806451612903,554,0.227235438884331,557,0.227161500815661,557,0.225323624595469,563,0.228397565922921,569,0.22723642172524,731,0.237646293888166,728,0.232365145228216,726,0.230038022813688,732,0.229395173926669,736,0.229283489096573,744,0.228923076923077,754,0.230863441518677,764,0.233496332518337,771,0.230424387328153,781,0.232786885245902,785,0.232592592592593,789,0.232058823529412,798,0.236094674556213,797,0.229154686601495,801,0.230902277313347,800,0.229029487546522,798,0.228391528334287,804,0.224205242610151,806,0.221064179923204,—,,820,0.213875847678665,845,0.214739517153748,—,,—,,—,,—,,—,,—,,—,,—,,—,,—,
    United States,,304,0.129859034600598,313,0.130362349021241,318,0.13151364764268,323,0.132485643970468,323,0.131729200652529,328,0.132686084142395,301,0.12210953346856,322,0.128594249201278,329,0.106957087126138,335,0.106926268751995,334,0.105830164765526,337,0.105609526794108,336,0.104672897196262,340,0.104615384615385,335,0.10257195345989,333,0.101772616136919,336,0.100418410041841,337,0.100447093889717,335,0.0992592592592593,334,0.0982352941176471,337,0.0997041420118343,345,0.0991949396204715,340,0.0980109541654656,340,0.0973375322072717,343,0.0981682884945621,353,0.0984383714445064,351,0.096269884805266,—,,360,0.0938967136150235,363,0.0922490470139771,—,,—,,—,,—,,—,,—,,—,,—,,—,,—,
  Visa Debit Programs,,1491,0.636907304570696,1545,0.643481882548938,1554,0.642679900744417,1561,0.640278917145201,1572,0.641109298531811,1587,0.641990291262136,1602,0.649898580121704,1613,0.644169329073482,2016,0.655396618985696,2070,0.660708586019789,2096,0.664131812420786,2122,0.664995299279223,2137,0.665732087227414,2166,0.666461538461539,2176,0.666258420085732,2175,0.664731051344743,2239,0.669157202630006,2237,0.666766020864382,2255,0.668148148148148,2277,0.669705882352941,2245,0.664201183431953,2336,0.671650373778033,2328,0.671086768521188,2354,0.67391926710564,2353,0.673440183171151,2429,0.677356385945343,2488,0.682391662095447,—,,2654,0.692227438706312,2727,0.693011435832274,—,,—,,—,,—,,—,,—,,—,,—,,—,,—,
    International,,1042,0.445108927808629,1076,0.448146605581008,1084,0.448304383788255,1085,0.445036915504512,1099,0.448205546492659,1102,0.4457928802589,1108,0.449492900608519,1118,0.446485623003195,1510,0.490897269180754,1543,0.492499202042771,1571,0.497782002534854,1591,0.498589783766844,1612,0.502180685358255,1624,0.499692307692308,1637,0.501224739742805,1655,0.50580684596577,1678,0.501494321578004,1660,0.49478390461997,1672,0.495407407407407,1688,0.496470588235294,1646,0.48698224852071,1705,0.490224266820012,1687,0.48630729316806,1701,0.486973947895792,1697,0.485689753863766,1742,0.485778025655326,1769,0.485189248491498,—,,1875,0.489045383411581,1945,0.49428208386277,—,,—,,—,,—,,—,,—,,—,,—,,—,,—,
    United States,,450,0.192225544639043,469,0.19533527696793,471,0.194789081885856,476,0.195242001640689,473,0.192903752039152,485,0.196197411003236,494,0.200405679513185,495,0.197683706070288,506,0.164499349804941,527,0.168209383977019,525,0.166349809885932,530,0.166092134127233,525,0.163551401869159,542,0.166769230769231,539,0.165033680342927,520,0.158924205378973,562,0.167961745367603,577,0.171982116244411,583,0.172740740740741,589,0.173235294117647,599,0.177218934911243,631,0.181426106958022,641,0.184779475353128,653,0.186945319209848,656,0.187750429307384,687,0.191578360290017,719,0.19720241360395,—,,779,0.203182055294731,782,0.198729351969504,—,,—,,—,,—,,—,,—,,—,,—,,—,,—,
Source: Bloomberg,,,,,,,,,,,,,,,,,,,,,,,,,,,,,,,,,,,,,,,,,,,,,,,,,,,,,,,,,,,,,,,,,,,,,,,,,,,,,,,,,
