Unnamed: 0,Unnamed: 1,Unnamed: 2,Unnamed: 3,Unnamed: 4,Unnamed: 5,Unnamed: 6,Unnamed: 7,Unnamed: 8,Unnamed: 9,Unnamed: 10,Unnamed: 11,Unnamed: 12,Unnamed: 13,Unnamed: 14,Unnamed: 15,Unnamed: 16,Unnamed: 17,Unnamed: 18,Unnamed: 19,Unnamed: 20,Unnamed: 21,Unnamed: 22,Unnamed: 23,Unnamed: 24,Unnamed: 25,Unnamed: 26,Unnamed: 27,Unnamed: 28,Unnamed: 29,Unnamed: 30,Unnamed: 31,Unnamed: 32,Unnamed: 33,Unnamed: 34,Unnamed: 35,Unnamed: 36,Unnamed: 37,Unnamed: 38,Unnamed: 39,Unnamed: 40,Unnamed: 41,Unnamed: 42,Unnamed: 43,Unnamed: 44,Unnamed: 45,Unnamed: 46,Unnamed: 47,Unnamed: 48,Unnamed: 49,Unnamed: 50,Unnamed: 51,Unnamed: 52,Unnamed: 53,Unnamed: 54,Unnamed: 55,Unnamed: 56,Unnamed: 57,Unnamed: 58,Unnamed: 59,Unnamed: 60,Unnamed: 61,Unnamed: 62,Unnamed: 63,Unnamed: 64,Unnamed: 65,Unnamed: 66,Unnamed: 67,Unnamed: 68,Unnamed: 69,Unnamed: 70,Unnamed: 71,Unnamed: 72,Unnamed: 73,Unnamed: 74,Unnamed: 75,Unnamed: 76,Unnamed: 77,Unnamed: 78,Unnamed: 79,Unnamed: 80,Unnamed: 81
NextEra Energy Inc (NEE US) - By Measure,,,,,,,,,,,,,,,,,,,,,,,,,,,,,,,,,,,,,,,,,,,,,,,,,,,,,,,,,,,,,,,,,,,,,,,,,,,,,,,,,
,,,,,,,,,,,,,,,,,,,,,,,,,,,,,,,,,,,,,,,,,,,,,,,,,,,,,,,,,,,,,,,,,,,,,,,,,,,,,,,,,
In Millions of USD except Per Share,,Q4 2004,,Q1 2005,,Q2 2005,,Q3 2005,,Q4 2005,,Q1 2006,,Q2 2006,,Q3 2006,,Q4 2006,,Q1 2007,,Q2 2007,,Q3 2007,,Q4 2007,,Q1 2008,,Q2 2008,,Q3 2008,,Q4 2008,,Q1 2009,,Q2 2009,,Q3 2009,,Q4 2009,,Q1 2010,,Q2 2010,,Q3 2010,,Q4 2010,,Q1 2011,,Q2 2011,,Q3 2011,,Q4 2011,,Q1 2012,,Q2 2012,,Q3 2012,,Q4 2012,,Q1 2013,,Q2 2013,,Q3 2013,,Q4 2013,,Q1 2014,,Q2 2014,,Q3 2014,
3 Months Ending,,12/31/2004,,03/31/2005,,06/30/2005,,09/30/2005,,12/31/2005,,03/31/2006,,06/30/2006,,09/30/2006,,12/31/2006,,03/31/2007,,06/30/2007,,09/30/2007,,12/31/2007,,03/31/2008,,06/30/2008,,09/30/2008,,12/31/2008,,03/31/2009,,06/30/2009,,09/30/2009,,12/31/2009,,03/31/2010,,06/30/2010,,09/30/2010,,12/31/2010,,03/31/2011,,06/30/2011,,09/30/2011,,12/31/2011,,03/31/2012,,06/30/2012,,09/30/2012,,12/31/2012,,03/31/2013,,06/30/2013,,09/30/2013,,12/31/2013,,03/31/2014,,06/30/2014,,09/30/2014,
Revenue,,2589,1.0,2437,1.0,2741,1.0,3504,1.0,3164,1.0,3584,1.0,3809,1.0,4694,1.0,3623,1.0,3075,1.0,3929,1.0,4575,1.0,3683,1.0,3434,1.0,3585,1.0,5387,1.0,4003,1.0,3705,1.0,3811,1.0,4473,1.0,3658,1.0,3622,1.0,3591,1.0,4691,1.0,3413,1.0,3134,1.0,3961,1.0,4382,1.0,3864,1.0,3371,1.0,3667,1.0,3843,1.0,3375,1.0,3279,1.0,3833,1.0,4394,1.0,3630,1.0,3674,1.0,4029,1.0,4654,1.0
  FPL,,2135,0.831710167510713,2041,0.845835060091173,2298,0.845474613686534,2891,0.830031581969567,2298,0.733014354066986,2584,0.730769230769231,2999,0.795490716180371,3513,0.75451030927835,2892,0.806919642857143,2448,0.807121661721068,2905,0.747170781893004,3445,0.759647188533627,2824,0.775824175824176,2534,0.748154709182167,2871,0.812393887945671,3423,0.641131297995879,2820,0.712481051035877,2573,0.702621518296013,2864,0.758675496688742,3301,0.743971151679062,2753,0.761128006635333,2328,0.651188811188811,2580,0.727785613540197,3116,0.670973298880276,2461,0.732876712328767,2246,0.729457616109126,2801,0.717101894521249,3152,0.72895467160037,2414,0.63426169206516,2224,0.671092335546168,2580,0.714681440443213,2975,0.786412899814962,2336,0.707450030284676,2188,0.682896379525593,2696,0.720470336718332,3020,0.702162287840037,2541,0.719626168224299,2535,0.710282992434856,2889,0.736050955414013,3315,0.727452271231073
  NEER,,—,,—,,—,,—,,—,,—,,—,,—,,—,,—,,—,,—,,—,,—,,—,,—,,—,,—,,—,,—,,864,0.238871993364667,—,,—,,—,,897,0.267123287671233,833,0.270542383890874,1105,0.282898105478751,1172,0.27104532839963,1392,0.36573830793484,1090,0.328907664453832,1030,0.285318559556787,808,0.213587100185038,966,0.292549969715324,1016,0.317103620474407,1046,0.279529663281668,1281,0.297837712159963,990,0.280373831775701,1034,0.289717007565144,1036,0.263949044585987,1242,0.272547728768927
  Corporate & Other,,22,,24,,23,,21,,29,,48,,39,,38,,39,,42,,41,,40,,43,,47,,51,,48,,45,,43,,36,,36,,41,,47,,46,,47,,55,,55,,55,,58,,58,,57,,57,,60,,73,,75,,91,,93,,99,,105,,104,,97,
  NextEra Energy Resource LLC,,432,0.168289832489287,372,0.154164939908827,420,0.154525386313466,592,0.169968418030434,837,0.266985645933014,952,0.269230769230769,771,0.204509283819629,1143,0.245489690721649,692,0.193080357142857,585,0.192878338278932,983,0.252829218106996,1090,0.240352811466373,816,0.224175824175824,853,0.251845290817833,663,0.187606112054329,1916,0.358868702004121,1138,0.287518948964123,1089,0.297378481703987,911,0.241324503311258,1136,0.256028848320938,—,,1247,0.348811188811189,965,0.272214386459803,1528,0.329026701119724,—,,—,,—,,—,,—,,—,,—,,—,,—,,—,,—,,—,,—,,—,,—,,—,
Percentage of Revenue,,—,,—,,—,,—,,—,,—,,—,,—,,—,,—,,—,,—,,—,,—,,—,,—,,—,,—,,—,,—,,—,,—,,—,,—,,—,,—,,—,,—,,—,,—,,—,,—,,—,,—,,—,,—,,—,,—,,—,,—,
  Wholesale,,—,,—,,—,,—,,—,,—,,—,,—,,—,,—,,—,,—,,—,,—,,—,,—,,—,,—,,—,,—,,1,,—,,—,,—,,—,,—,,—,,—,,—,,—,,—,,—,,—,,—,,—,,—,,—,,—,,—,,—,
  Other,,—,,—,,—,,—,,—,,—,,—,,—,,—,,—,,—,,—,,—,,—,,—,,—,,—,,—,,—,,—,,-1,,—,,—,,—,,—,,—,,—,,—,,—,,—,,—,,—,,—,,—,,—,,—,,—,,—,,—,,—,
  Industrial,,—,,—,,—,,—,,—,,—,,—,,—,,—,,—,,—,,—,,—,,—,,—,,—,,—,,—,,—,,—,,3,,—,,—,,—,,—,,—,,—,,—,,—,,—,,—,,—,,—,,—,,—,,—,,—,,—,,—,,—,
  Commercial,,—,,—,,—,,—,,—,,—,,—,,—,,—,,—,,—,,—,,—,,—,,—,,—,,—,,—,,—,,—,,41,,—,,—,,—,,—,,—,,—,,—,,—,,—,,—,,—,,—,,—,,—,,—,,—,,—,,—,,—,
  Residential,,—,,—,,—,,—,,—,,—,,—,,—,,—,,—,,—,,—,,—,,—,,—,,—,,—,,—,,—,,—,,56,,—,,—,,—,,—,,—,,—,,—,,—,,—,,—,,—,,—,,—,,—,,—,,—,,—,,—,,—,
Cost of Revenue,,—,,—,,—,,—,,1713,1.0,2053,1.0,2174,1.0,2656,1.0,2060,1.0,1672,1.0,2106,1.0,2443,1.0,1971,1.0,1726,1.0,1964,1.0,2728,1.0,1994,1.0,1811,1.0,1797,1.0,2164,1.0,1632,1.0,1349,1.0,1455,1.0,1991,1.0,1447,1.0,1404,1.0,1557,1.0,1911,1.0,1383,1.0,1182,1.0,1236,1.0,1526,1.0,1177,1.0,1065,1.0,1262,1.0,1438,1.0,1192,1.0,1397,1.0,1373,1.0,1566,1.0
  FPL,,—,,—,,—,,—,,1224,0.71830985915493,1538,0.759506172839506,1751,0.812529002320186,2080,0.788177339901478,1746,0.855044074436827,1414,0.856450635978195,1698,0.813218390804598,1969,0.811624072547403,1645,0.84315735520246,1457,0.856051703877791,1598,0.824987093443469,1992,0.736958934517203,1702,0.861772151898734,1469,0.819297267150028,1554,0.870588235294118,1786,0.82954017649791,1410,0.87037037037037,1107,0.834212509419744,1205,0.836224843858432,1504,0.761904761904762,1166,0.813677599441731,1071,0.772727272727273,1304,0.846753246753247,1479,0.781299524564184,1123,0.822108345534407,935,0.802575107296137,1086,0.885085574572127,1280,0.845442536327609,963,0.830172413793103,820,0.780952380952381,1018,0.819645732689211,1141,0.802955665024631,946,0.804421768707483,1036,0.75565280816922,1076,0.796447076239822,1255,0.811247575953458
  NEER,,—,,—,,—,,—,,—,,—,,—,,—,,—,,—,,—,,—,,—,,—,,—,,—,,—,,—,,—,,—,,210,0.12962962962963,—,,—,,—,,267,0.186322400558269,315,0.227272727272727,236,0.153246753246753,414,0.218700475435816,243,0.177891654465593,230,0.197424892703863,141,0.114914425427873,234,0.154557463672391,197,0.169827586206897,230,0.219047619047619,224,0.180354267310789,280,0.197044334975369,230,0.195578231292517,335,0.24434719183078,275,0.203552923760178,292,0.188752424046542
  Corporate & Other,,—,,—,,—,,—,,9,,28,,19,,17,,18,,21,,18,,17,,20,,24,,27,,25,,19,,18,,12,,11,,12,,22,,14,,17,,14,,18,,17,,18,,17,,17,,9,,12,,17,,15,,20,,17,,16,,26,,22,,19,
  NextEra Energy Resource LLC,,—,,—,,—,,—,,480,0.28169014084507,487,0.240493827160494,404,0.187470997679814,559,0.211822660098522,296,0.144955925563173,237,0.143549364021805,390,0.186781609195402,457,0.188375927452597,306,0.15684264479754,245,0.143948296122209,339,0.175012906556531,711,0.263041065482797,273,0.138227848101266,324,0.180702732849972,231,0.129411764705882,367,0.17045982350209,—,,220,0.165787490580256,236,0.163775156141568,470,0.238095238095238,—,,—,,—,,—,,—,,—,,—,,—,,—,,—,,—,,—,,—,,—,,—,,—,
Gross Profit,,—,,—,,—,,—,,—,,—,,—,,—,,—,,—,,—,,—,,—,,—,,—,,—,,—,,—,,—,,—,,—,,—,,—,,—,,1966,1.0,—,,—,,—,,2481,1.0,2189,1.0,2431,1.0,2317,1.0,2198,1.0,2178,1.0,2571,1.0,2956,1.0,2438,1.0,2277,1.0,2656,1.0,3088,1.0
  FPL,,—,,—,,—,,—,,—,,—,,—,,—,,—,,—,,—,,—,,—,,—,,—,,—,,—,,—,,—,,—,,—,,—,,—,,—,,1056,0.556668423827095,—,,—,,—,,1291,0.529098360655738,1289,0.599813866914844,1494,0.626940830885439,1695,0.747025121198766,1373,0.640989729225023,1368,0.635097493036212,1678,0.6712,1879,0.652430555555556,1595,0.677282377919321,1499,0.681983621474067,1813,0.704351204351204,2060,0.684385382059801
  NEER,,—,,—,,—,,—,,—,,—,,—,,—,,—,,—,,—,,—,,—,,—,,—,,—,,—,,—,,—,,—,,—,,—,,—,,—,,841,0.443331576172905,—,,—,,—,,1149,0.470901639344262,860,0.400186133085156,889,0.373059169114561,574,0.252974878801234,769,0.359010270774977,786,0.364902506963788,822,0.3288,1001,0.347569444444444,760,0.322717622080679,699,0.318016378525933,761,0.295648795648796,950,0.315614617940199
  Corporate & Other,,—,,—,,—,,—,,—,,—,,—,,—,,—,,—,,—,,—,,—,,—,,—,,—,,—,,—,,—,,—,,—,,—,,—,,—,,69,,—,,—,,—,,41,,40,,48,,48,,56,,24,,71,,76,,83,,79,,82,,78,
Operating Income,,254,1.0,234,1.0,320,1.0,559,1.0,356,1.0,477,1.0,441,1.0,872,1.0,317,1.0,298,1.0,664,1.0,900,1.0,421,1.0,443,1.0,313,1.0,1316,1.0,752,1.0,576,1.0,605,1.0,849,1.0,557,1.0,939,1.0,709,1.0,1125,1.0,469,1.0,428,1.0,907,1.0,911,1.0,1132,1.0,803,1.0,1000,1.0,742,1.0,732,1.0,434,1.0,981,1.0,1185,1.0,641,1.0,738,1.0,951,1.0,1163,1.0
  FPL,,293,1.14901960784314,201,0.858974358974359,343,1.07523510971787,551,0.983928571428571,252,0.686648501362398,246,0.517894736842105,339,0.760089686098655,565,0.639864099660249,313,0.757869249394673,247,0.840136054421769,383,0.577677224736048,591,0.656666666666667,342,0.802816901408451,244,0.554545454545455,416,1.32484076433121,549,0.417490494296578,320,0.423841059602649,262,0.455652173913043,396,0.663316582914573,554,0.65952380952381,369,0.679558011049724,393,0.423035522066738,501,0.716738197424893,584,0.523766816143498,371,0.81359649122807,406,0.978313253012048,571,0.634444444444444,656,0.722466960352423,442,0.394642857142857,481,0.607323232323232,662,0.665995975855131,719,0.979564032697548,496,0.699576868829337,543,1.32439024390244,724,0.75103734439834,778,0.673593073593074,495,0.804878048780488,632,0.88515406162465,782,0.848156182212581,834,0.730937773882559
  NEER,,—,,—,,—,,—,,—,,—,,—,,—,,—,,—,,—,,—,,—,,—,,—,,—,,—,,—,,—,,—,,174,0.320441988950276,—,,—,,—,,85,0.18640350877193,9,0.0216867469879518,329,0.365555555555556,252,0.277533039647577,678,0.605357142857143,311,0.392676767676768,332,0.334004024144869,15,0.0204359673024523,213,0.300423131170663,-133,-0.324390243902439,240,0.24896265560166,377,0.326406926406926,120,0.195121951219512,82,0.11484593837535,140,0.151843817787419,307,0.269062226117441
  Corporate & Other,,-1,,0,,1,,-1,,-11,,2,,-11,,-11,,-96,,4,,1,,0,,-5,,3,,-1,,1,,-3,,8,,8,,9,,14,,10,,10,,10,,13,,13,,7,,3,,12,,11,,6,,8,,23,,24,,17,,30,,26,,24,,29,,22,
  NextEra Energy Resource LLC,,-38,-0.149019607843137,33,0.141025641025641,-24,-0.0752351097178683,9,0.0160714285714286,115,0.313351498637602,229,0.482105263157895,107,0.239910313901345,318,0.360135900339751,100,0.242130750605327,47,0.159863945578231,280,0.422322775263952,309,0.343333333333333,84,0.197183098591549,196,0.445454545454545,-102,-0.32484076433121,766,0.582509505703422,435,0.576158940397351,313,0.544347826086957,201,0.336683417085427,286,0.34047619047619,—,,536,0.576964477933262,198,0.283261802575107,531,0.476233183856502,—,,—,,—,,—,,—,,—,,—,,—,,—,,—,,—,,—,,—,,—,,—,,—,
  Reconciliation,,—,,—,,—,,—,,—,,—,,6,,—,,—,,—,,—,,—,,—,,—,,—,,—,,—,,-7,,—,,—,,—,,—,,—,,—,,—,,—,,—,,—,,—,,—,,—,,—,,—,,—,,—,,—,,—,,—,,—,,—,
Interest Expense,,—,,—,,—,,—,,175,1.0,169,1.0,178,1.0,179,1.0,180,1.0,180,1.0,178,1.0,194,1.0,210,1.0,199,1.0,195,1.0,203,1.0,216,1.0,211,1.0,215,1.0,204,1.0,218,1.0,238,1.0,247,1.0,247,1.0,246,1.0,254,1.0,256,1.0,265,1.0,260,1.0,265,1.0,270,1.0,259,1.0,243,1.0,272,1.0,266,1.0,288,1.0,296,1.0,319,1.0,305,1.0,316,1.0
  NEER,,—,,—,,—,,—,,—,,—,,—,,—,,—,,—,,—,,—,,—,,—,,—,,—,,—,,—,,—,,—,,90,0.520231213872832,—,,—,,—,,128,0.584474885844749,136,0.599118942731278,135,0.584415584415584,133,0.568376068376068,126,0.557522123893805,127,0.54978354978355,126,0.540772532188841,116,0.527272727272727,104,0.502415458937198,124,0.548672566371681,113,0.52073732718894,136,0.564315352697095,155,0.598455598455598,176,0.633093525179856,152,0.577946768060836,167,0.598566308243728
  FPL,,—,,—,,—,,—,,77,0.566176470588235,62,0.380368098159509,75,0.539568345323741,69,0.5,67,0.478571428571429,63,0.36,73,0.503448275862069,83,0.522012578616352,80,0.467836257309941,86,0.5375,90,0.555555555555556,83,0.50609756097561,81,0.49390243902439,77,0.396907216494845,79,0.403061224489796,78,0.414893617021277,83,0.479768786127168,87,0.406542056074766,91,0.40625,91,0.415525114155251,91,0.415525114155251,91,0.400881057268722,96,0.415584415584416,101,0.431623931623932,100,0.442477876106195,104,0.45021645021645,107,0.459227467811159,104,0.472727272727273,103,0.497584541062802,102,0.451327433628319,104,0.47926267281106,105,0.435684647302905,104,0.401544401544402,102,0.366906474820144,111,0.422053231939163,112,0.401433691756272
  Corporate & Other,,—,,—,,—,,—,,39,,6,,39,,41,,40,,5,,33,,35,,39,,39,,33,,39,,52,,17,,19,,16,,45,,24,,23,,28,,27,,27,,25,,31,,34,,34,,37,,39,,36,,46,,49,,47,,37,,41,,42,,37,
  NextEra Energy Resource LLC,,—,,—,,—,,—,,59,0.433823529411765,101,0.619631901840491,64,0.460431654676259,69,0.5,73,0.521428571428571,112,0.64,72,0.496551724137931,76,0.477987421383648,91,0.532163742690059,74,0.4625,72,0.444444444444444,81,0.49390243902439,83,0.50609756097561,117,0.603092783505155,117,0.596938775510204,110,0.585106382978723,—,,127,0.593457943925234,133,0.59375,128,0.584474885844749,—,,—,,—,,—,,—,,—,,—,,—,,—,,—,,—,,—,,—,,—,,—,,—,
Interest Income,,—,,—,,—,,—,,12,1.0,8,1.0,—,,—,,24,1.0,15,1.0,—,,—,,27,1.0,15,1.0,23,1.0,13,1.0,22,1.0,27,1.0,17,1.0,15,1.0,20,1.0,18,1.0,28,1.0,22,1.0,22,1.0,21,1.0,16,1.0,21,1.0,20,1.0,20,1.0,22,1.0,22,1.0,24,1.0,19,1.0,19,1.0,20,1.0,20,1.0,22,1.0,21,1.0,18,1.0
  Corporate & Other,,—,,—,,—,,—,,5,,2,,—,,—,,7,,7,,—,,—,,11,,1,,9,,2,,22,,21,,12,,10,,14,,13,,23,,16,,17,,15,,10,,14,,13,,13,,13,,17,,16,,14,,14,,13,,13,,13,,13,,12,
  NEER,,—,,—,,—,,—,,—,,—,,—,,—,,—,,—,,—,,—,,—,,—,,—,,—,,—,,—,,—,,—,,6,1.0,—,,—,,—,,5,1.0,6,1.0,6,1.0,6,0.857142857142857,6,0.857142857142857,6,0.857142857142857,7,0.777777777777778,4,0.8,4,0.5,4,0.8,4,0.8,6,0.857142857142857,4,0.571428571428571,6,0.666666666666667,7,0.875,6,1.0
  FPL,,—,,—,,—,,—,,2,0.285714285714286,1,0.166666666666667,—,,—,,10,0.588235294117647,1,0.125,—,,—,,3,0.1875,4,0.285714285714286,4,0.285714285714286,2,0.181818181818182,1,,0,,0,,0,,0,,0,,0,,0,,0,,0,,0,,1,0.142857142857143,1,0.142857142857143,1,0.142857142857143,2,0.222222222222222,1,0.2,4,0.5,1,0.2,1,0.2,1,0.142857142857143,3,0.428571428571429,3,0.333333333333333,1,0.125,0,
  NextEra Energy Resource LLC,,—,,—,,—,,—,,5,0.714285714285714,5,0.833333333333333,—,,—,,7,0.411764705882353,7,0.875,—,,—,,13,0.8125,10,0.714285714285714,10,0.714285714285714,9,0.818181818181818,-1,,6,1.0,5,1.0,5,1.0,—,,5,1.0,5,1.0,6,1.0,—,,—,,—,,—,,—,,—,,—,,—,,—,,—,,—,,—,,—,,—,,—,,—,
Pretax Income,,—,,—,,—,,—,,255,1.0,328,1.0,311,1.0,758,1.0,282,1.0,156,1.0,494,1.0,760,1.0,232,1.0,279,1.0,160,1.0,1135,1.0,516,1.0,383,1.0,441,1.0,715,1.0,404,1.0,770,1.0,494,1.0,960,1.0,264,1.0,236,1.0,727,1.0,565,1.0,923,1.0,618,1.0,850,1.0,569,1.0,567,1.0,252,1.0,821,1.0,995,1.0,452,1.0,583,1.0,784,1.0,943,1.0
  FPL,,—,,—,,—,,—,,191,0.636666666666667,181,0.493188010899183,277,0.778089887640449,507,0.628252788104089,261,0.627403846153846,194,1.05434782608696,316,0.612403100775194,511,0.64765525982256,267,1.00375939849624,164,0.522292993630573,342,1.79057591623037,475,0.404255319148936,251,0.45970695970696,198,0.548476454293629,331,0.753986332574032,486,0.654104979811575,290,0.671296296296296,312,0.405194805194805,418,0.834331337325349,502,0.522916666666667,293,1.11406844106464,326,1.38723404255319,485,0.660762942779292,562,0.975694444444444,351,0.37823275862069,387,0.615262321144674,568,0.658932714617169,629,1.02777777777778,408,0.717047451669596,460,1.76245210727969,632,0.763285024154589,685,0.676209279368213,406,0.910313901345291,546,0.906976744186046,678,0.858227848101266,729,0.765756302521008
  NEER,,—,,—,,—,,—,,—,,—,,—,,—,,—,,—,,—,,—,,—,,—,,—,,—,,—,,—,,—,,—,,142,0.328703703703704,—,,—,,—,,-30,-0.114068441064639,-91,-0.387234042553192,249,0.339237057220709,14,0.0243055555555556,577,0.62176724137931,242,0.384737678855326,294,0.341067285382831,-17,-0.0277777777777778,161,0.282952548330404,-199,-0.762452107279693,196,0.236714975845411,328,0.323790720631787,40,0.0896860986547085,56,0.0930232558139535,112,0.141772151898734,223,0.234243697478992
  Corporate & Other,,—,,—,,—,,—,,-45,,-39,,-45,,-49,,-134,,-28,,-22,,-29,,-34,,-35,,-31,,-40,,-30,,22,,2,,-28,,-28,,0,,-7,,0,,1,,1,,-7,,-11,,-5,,-11,,-12,,-43,,-2,,-9,,-7,,-18,,6,,-19,,-6,,-9,
  NextEra Energy Resource LLC,,—,,—,,—,,—,,109,0.363333333333333,186,0.506811989100817,79,0.221910112359551,300,0.371747211895911,155,0.372596153846154,-10,-0.0543478260869565,200,0.387596899224806,278,0.35234474017744,-1,-0.0037593984962406,150,0.477707006369427,-151,-0.790575916230366,700,0.595744680851064,295,0.54029304029304,163,0.451523545706371,108,0.246013667425968,257,0.345895020188425,—,,458,0.594805194805195,83,0.165668662674651,458,0.477083333333333,—,,—,,—,,—,,—,,—,,—,,—,,—,,—,,—,,—,,—,,—,,—,,—,
Income Taxes,,—,,—,,—,,—,,53,1.0,77,1.0,75,1.0,231,1.0,14,1.0,6,1.0,127,1.0,227,1.0,8,1.0,30,1.0,-49,,361,1.0,108,1.0,19,1.0,71,1.0,182,1.0,55,1.0,214,1.0,77,1.0,240,1.0,1,1.0,-32,,147,1.0,158,1.0,256,1.0,157,1.0,243,1.0,154,1.0,138,1.0,168,1.0,211,1.0,297,1.0,125,1.0,153,1.0,292,1.0,279,1.0
  FPL,,—,,—,,—,,—,,76,0.808510638297872,58,0.734177215189873,95,1.13095238095238,179,0.685823754789272,91,0.928571428571429,68,34.0,105,0.75,185,0.761316872427984,94,4.47619047619048,56,1.33333333333333,-105,2.91666666666667,161,0.425925925925926,100,0.769230769230769,71,11.8333333333333,118,1.87301587301587,180,0.947368421052632,104,1.52941176470588,121,0.570754716981132,153,1.86585365853659,194,0.729323308270677,112,12.4444444444444,121,-3.45714285714286,184,0.948453608247423,215,1.32716049382716,135,0.435483870967742,148,0.875739644970414,215,0.833333333333333,237,1.34659090909091,152,1.07042253521127,172,0.914893617021276,241,1.15865384615385,263,0.848387096774194,158,1.39823008849558,199,1.17751479289941,255,0.891608391608392,267,0.946808510638298
  NEER,,—,,—,,—,,—,,—,,—,,—,,—,,—,,—,,—,,—,,—,,—,,—,,—,,—,,—,,—,,—,,-36,-0.529411764705882,—,,—,,—,,-103,-11.4444444444444,-156,4.45714285714286,10,0.0515463917525773,-53,-0.327160493827161,175,0.564516129032258,21,0.124260355029586,43,0.166666666666667,-61,-0.346590909090909,-10,-0.0704225352112676,16,0.0851063829787234,-33,-0.158653846153846,47,0.151612903225806,-45,-0.398230088495575,-30,-0.177514792899408,31,0.108391608391608,15,0.0531914893617021
  Corporate & Other,,—,,—,,—,,—,,-41,,-2,,-9,,-30,,-84,,4,,-13,,-16,,-13,,-12,,-13,,-17,,-22,,13,,8,,-8,,-13,,2,,-5,,-26,,-8,,3,,-47,,-4,,-54,,-12,,-15,,-22,,-4,,-20,,3,,-13,,12,,-16,,6,,-3,
  NextEra Energy Resource LLC,,—,,—,,—,,—,,18,0.191489361702128,21,0.265822784810127,-11,-0.130952380952381,82,0.314176245210728,7,0.0714285714285714,-66,-33.0,35,0.25,58,0.238683127572016,-73,-3.47619047619048,-14,-0.333333333333333,69,-1.91666666666667,217,0.574074074074074,30,0.230769230769231,-65,-10.8333333333333,-55,-0.873015873015873,10,0.0526315789473684,—,,91,0.429245283018868,-71,-0.865853658536585,72,0.270676691729323,—,,—,,—,,—,,—,,—,,—,,—,,—,,—,,—,,—,,—,,—,,—,,—,
Net Income,,173,1.0,137,1.0,203,1.0,339,1.0,206,1.0,251,1.0,236,1.0,527,1.0,271,1.0,150,1.0,405,1.0,533,1.0,224,1.0,249,1.0,209,1.0,774,1.0,408,1.0,364,1.0,370,1.0,533,1.0,349,1.0,556,1.0,417,1.0,720,1.0,263,1.0,268,1.0,580,1.0,407,1.0,667,1.0,461,1.0,607,1.0,415,1.0,429,1.0,272,1.0,610,1.0,698,1.0,327,1.0,430,1.0,492,1.0,660,1.0
  FPL,,164,1.0718954248366,111,0.75,201,0.909502262443439,311,0.876056338028169,124,0.59047619047619,122,0.442028985507246,182,0.669117647058823,328,0.600732600732601,170,0.534591194968553,126,0.736842105263158,211,0.509661835748792,326,0.597069597069597,173,0.706122448979592,108,0.397058823529412,217,0.986363636363636,314,0.393977415307403,151,0.362980769230769,127,0.33509234828496,213,0.566489361702128,306,0.590733590733591,186,0.510989010989011,191,0.342293906810036,265,0.632458233890215,308,0.443804034582133,181,0.71259842519685,205,0.759259259259259,301,0.557407407407407,347,0.83816425120773,216,0.349514563106796,239,0.519565217391304,353,0.584437086092715,392,0.899082568807339,256,0.599531615925059,288,1.16129032258065,391,0.630645161290323,422,0.600284495021337,248,0.744744744744745,347,0.801385681293303,423,0.839285714285714,462,0.693693693693694
  NEER,,—,,—,,—,,—,,—,,—,,—,,—,,—,,—,,—,,—,,—,,—,,—,,—,,—,,—,,—,,—,,178,0.489010989010989,—,,—,,—,,73,0.28740157480315,65,0.240740740740741,239,0.442592592592593,67,0.161835748792271,402,0.650485436893204,221,0.480434782608696,251,0.415562913907285,44,0.100917431192661,171,0.400468384074941,-40,-0.161290322580645,229,0.369354838709677,281,0.399715504978663,85,0.255255255255255,86,0.198614318706697,81,0.160714285714286,204,0.306306306306306
  Corporate & Other,,20,,-11,,-18,,-16,,-4,,-25,,-36,,-19,,-50,,-21,,-9,,-13,,-21,,-23,,-11,,-23,,-8,,-15,,-6,,15,,-15,,-2,,-2,,26,,9,,-2,,40,,-7,,49,,1,,3,,-21,,2,,24,,-10,,-5,,-6,,-3,,-12,,-6,
  NextEra Energy Resource LLC,,-11,-0.0718954248366013,37,0.25,20,0.0904977375565611,44,0.123943661971831,86,0.40952380952381,154,0.557971014492754,90,0.330882352941176,218,0.399267399267399,148,0.465408805031447,45,0.263157894736842,203,0.490338164251208,220,0.402930402930403,72,0.293877551020408,164,0.602941176470588,3,0.0136363636363636,483,0.606022584692597,265,0.637019230769231,252,0.66490765171504,163,0.433510638297872,212,0.409266409266409,—,,367,0.657706093189964,154,0.367541766109785,386,0.556195965417867,—,,—,,—,,—,,—,,—,,—,,—,,—,,—,,—,,—,,—,,—,,—,,—,
  Reconciliation,,—,,—,,—,,—,,—,,—,,—,,—,,3,,—,,—,,—,,—,,—,,—,,—,,—,,—,,—,,—,,—,,—,,—,,—,,—,,—,,—,,—,,—,,—,,—,,—,,—,,—,,—,,—,,—,,—,,—,,—,
Earnings Per Share,,—,,—,,—,,—,,—,,—,,—,,—,,—,,—,,—,,—,,—,,—,,—,,—,,—,,0.9,1.0,0.91,1.0,1.31,1.0,0.85,1.0,1.36,1.0,1.01,1.0,1.74,1.0,0.63,1.0,0.94,1.0,1.18,1.0,0.97,1.0,1.59,1.0,1.11,1.0,1.45,1.0,0.98,1.0,1.02,1.0,1.12,1.0,1.44,1.0,0.98,1.0,0.75,1.0,0.98,1.0,1.12,1.0,1.5,1.0
  FPL,,—,,—,,—,,—,,—,,—,,—,,—,,—,,—,,—,,—,,—,,—,,—,,—,,—,,0.31,0.35632183908046,0.52,0.565217391304348,0.75,0.590551181102362,0.45,0.511363636363636,0.47,0.345588235294118,0.64,0.627450980392157,0.74,0.44311377245509,0.43,0.716666666666667,0.49,0.515789473684211,0.72,0.660550458715596,0.83,0.838383838383838,0.51,0.346938775510204,0.58,0.522522522522523,0.85,0.586206896551724,0.93,0.902912621359223,0.61,0.598039215686274,0.68,0.618181818181818,0.92,0.63013698630137,0.79,0.797979797979798,0.57,0.74025974025974,0.79,0.797979797979798,0.96,0.842105263157895,1.05,0.695364238410596
  NEER,,—,,—,,—,,—,,—,,—,,—,,—,,—,,—,,—,,—,,—,,—,,—,,—,,—,,—,,—,,—,,0.43,0.488636363636364,—,,—,,—,,0.17,0.283333333333333,0.46,0.48421052631579,0.37,0.339449541284404,0.16,0.161616161616162,0.96,0.653061224489796,0.53,0.477477477477478,0.6,0.413793103448276,0.1,0.0970873786407767,0.41,0.401960784313726,0.42,0.381818181818182,0.54,0.36986301369863,0.2,0.202020202020202,0.2,0.25974025974026,0.2,0.202020202020202,0.18,0.157894736842105,0.46,0.304635761589404
  Corporate & Other,,—,,—,,—,,—,,—,,—,,—,,—,,—,,—,,—,,—,,—,,—,,—,,—,,—,,0.03,,-0.01,,0.04,,-0.03,,0,,-0.01,,0.07,,0.03,,-0.01,,0.09,,-0.02,,0.12,,0,,0,,-0.05,,0,,0.02,,-0.02,,-0.01,,-0.02,,-0.01,,-0.02,,-0.01,
  NextEra Energy Resource LLC,,—,,—,,—,,—,,—,,—,,—,,—,,—,,—,,—,,—,,—,,—,,—,,—,,—,,0.56,0.64367816091954,0.4,0.434782608695652,0.52,0.409448818897638,—,,0.89,0.654411764705882,0.38,0.372549019607843,0.93,0.55688622754491,—,,—,,—,,—,,—,,—,,—,,—,,—,,—,,—,,—,,—,,—,,—,,—,
Total Operating Expense,,—,,—,,—,,—,,—,,—,,—,,—,,—,,—,,—,,—,,—,,—,,—,,—,,—,,3122,1.0,3206,1.0,3624,1.0,3099,1.0,2683,1.0,2882,1.0,3566,1.0,6900,1.0,2706,1.0,3054,1.0,3471,1.0,2778,1.0,2528,1.0,2667,1.0,3101,1.0,2643,1.0,2845,1.0,2852,1.0,3516,1.0,2773,1.0,2936,1.0,3078,1.0,3491,1.0
  FPL,,—,,—,,—,,—,,—,,—,,—,,—,,—,,—,,—,,—,,—,,—,,—,,—,,—,,2311,0.748623258827341,2468,0.776589049716803,2747,0.763691965526828,2384,0.776041666666667,1935,0.731292517006803,2079,0.730498945888967,2532,0.717483706432417,4525,0.66789667896679,1840,0.690690690690691,2230,0.741849634065203,2496,0.730679156908665,1972,0.722079824240205,1743,0.702539298669891,1918,0.733180428134557,2256,0.739914726139718,1840,0.709602776706518,1645,0.588761632068719,1972,0.709863210943125,2471,0.715609614827686,1256,0.500797448165869,1903,0.666549912434326,2107,0.701631701631702,2481,0.726288056206089
  NEER,,—,,—,,—,,—,,—,,—,,—,,—,,—,,—,,—,,—,,—,,—,,—,,—,,—,,—,,—,,—,,688,0.223958333333333,—,,—,,—,,2250,0.33210332103321,824,0.309309309309309,776,0.258150365934797,920,0.269320843091335,759,0.277920175759795,738,0.297460701330109,698,0.266819571865443,793,0.260085273860282,753,0.290397223293482,1149,0.411238367931281,806,0.290136789056875,982,0.284390385172314,1252,0.499202551834131,952,0.333450087565674,896,0.298368298368298,935,0.273711943793911
  Corporate & Other,,—,,—,,—,,—,,—,,—,,—,,—,,—,,—,,—,,—,,—,,—,,—,,—,,—,,35,,28,,27,,27,,37,,36,,37,,125,,42,,48,,55,,47,,47,,51,,52,,50,,51,,74,,63,,265,,81,,75,,75,
  NextEra Energy Resource LLC,,—,,—,,—,,—,,—,,—,,—,,—,,—,,—,,—,,—,,—,,—,,—,,—,,—,,776,0.25137674117266,710,0.223410950283197,850,0.236308034473172,—,,711,0.268707482993197,767,0.269501054111033,997,0.282516293567583,—,,—,,—,,—,,—,,—,,—,,—,,—,,—,,—,,—,,—,,—,,—,,—,
Adjusted Net Income,,—,,—,,—,,—,,—,,—,,—,,—,,—,,—,,—,,—,,—,,—,,—,,—,,—,,364,1.0,401,1.0,562,1.0,323,1.0,386,1.0,457,1.0,602,1.0,332,1.0,392,1.0,500,1.0,551,1.0,395,1.0,422,1.0,527,1.0,532,1.0,433,1.0,475,1.0,620,1.0,607,1.0,414,1.0,557,1.0,630,1.0,688,1.0
  FPL,,—,,—,,—,,—,,—,,—,,—,,—,,—,,—,,—,,—,,—,,—,,—,,—,,—,,127,0.357746478873239,213,0.523341523341523,306,0.559414990859232,186,0.588607594936709,191,0.493540051679587,265,0.576086956521739,308,0.535652173913043,181,0.558641975308642,205,0.520304568527919,301,0.654347826086957,347,0.629764065335753,216,0.627906976744186,239,0.567695961995249,353,0.671102661596958,392,0.707581227436823,256,0.593967517401392,288,0.619354838709677,391,0.621621621621622,422,0.689542483660131,248,0.589073634204275,347,0.621863799283154,423,0.665094339622642,462,0.666666666666667
  NEER,,—,,—,,—,,—,,—,,—,,—,,—,,—,,—,,—,,—,,—,,—,,—,,—,,—,,—,,—,,—,,130,0.411392405063291,—,,—,,—,,143,0.441358024691358,189,0.479695431472081,159,0.345652173913044,204,0.370235934664247,128,0.372093023255814,182,0.432304038004751,173,0.328897338403042,162,0.292418772563177,175,0.406032482598608,177,0.380645161290323,238,0.378378378378378,190,0.310457516339869,173,0.410926365795724,211,0.378136200716846,213,0.334905660377358,231,0.333333333333333
  Corporate & Other,,—,,—,,—,,—,,—,,—,,—,,—,,—,,—,,—,,—,,—,,—,,—,,—,,—,,9,,-6,,15,,7,,-1,,-3,,27,,8,,-2,,40,,0,,51,,1,,1,,-22,,2,,10,,-9,,-5,,-7,,-1,,-6,,-5,
  NextEra Energy Resource LLC,,—,,—,,—,,—,,—,,—,,—,,—,,—,,—,,—,,—,,—,,—,,—,,—,,—,,228,0.642253521126761,194,0.476658476658477,241,0.440585009140768,—,,196,0.506459948320413,195,0.423913043478261,267,0.464347826086956,—,,—,,—,,—,,—,,—,,—,,—,,—,,—,,—,,—,,—,,—,,—,,—,
Adjusted EPS,,—,,—,,—,,—,,—,,—,,—,,—,,—,,—,,—,,—,,—,,—,,—,,—,,—,,0.9,1.0,0.99,1.0,1.38,1.0,0.79,1.0,0.94,1.0,1.11,1.0,1.45,1.0,0.8,1.0,0.94,1.0,1.18,1.0,1.31,1.0,0.93,1.0,1.02,1.0,1.21,1.0,0.98,1.0,1.03,1.0,1.12,1.0,1.46,1.0,1.43,1.0,0.95,1.0,1.26,1.0,1.43,1.0,1.55,1.0
  FPL,,—,,—,,—,,—,,—,,—,,—,,—,,—,,—,,—,,—,,—,,—,,—,,—,,—,,0.31,0.35632183908046,0.52,0.52,0.75,0.559701492537313,0.45,0.548780487804878,0.47,0.5,0.64,0.571428571428571,0.74,0.536231884057971,0.43,0.558441558441558,0.49,0.515789473684211,0.72,0.660550458715596,0.83,0.628787878787879,0.51,0.62962962962963,0.58,0.568627450980392,0.85,0.674603174603175,0.93,0.902912621359223,0.61,0.592233009708738,0.68,0.618181818181818,0.92,1.02222222222222,0.99,0.6875,0.57,0.587628865979381,0.79,0.622047244094488,0.96,0.666666666666667,1.05,0.668789808917197
  NEER,,—,,—,,—,,—,,—,,—,,—,,—,,—,,—,,—,,—,,—,,—,,—,,—,,—,,—,,—,,—,,0.37,0.451219512195122,—,,—,,—,,0.34,0.441558441558442,0.46,0.48421052631579,0.37,0.339449541284404,0.49,0.371212121212121,0.3,0.37037037037037,0.44,0.431372549019608,0.41,0.325396825396825,0.1,0.0970873786407767,0.42,0.407766990291262,0.42,0.381818181818182,-0.02,-0.0222222222222222,0.45,0.3125,0.4,0.412371134020619,0.48,0.377952755905512,0.48,0.333333333333333,0.52,0.331210191082803
  Corporate & Other,,—,,—,,—,,—,,—,,—,,—,,—,,—,,—,,—,,—,,—,,—,,—,,—,,—,,0.03,,-0.01,,0.04,,-0.03,,0,,-0.01,,0.07,,0.03,,-0.01,,0.09,,-0.01,,0.12,,0,,-0.05,,-0.05,,0,,0.02,,0.56,,-0.01,,-0.02,,-0.01,,-0.01,,-0.02,
  NextEra Energy Resource LLC,,—,,—,,—,,—,,—,,—,,—,,—,,—,,—,,—,,—,,—,,—,,—,,—,,—,,0.56,0.64367816091954,0.48,0.48,0.59,0.440298507462687,—,,0.47,0.5,0.48,0.428571428571428,0.64,0.463768115942029,—,,—,,—,,—,,—,,—,,—,,—,,—,,—,,—,,—,,—,,—,,—,,—,
Property/Plant/Equipment,,—,,—,,—,,—,,22463,1.0,25171,1.0,23878,1.0,24249,1.0,24499,1.0,25171,1.0,25825,1.0,27714,1.0,28652,1.0,29451,1.0,30499,1.0,31345,1.0,32411,1.0,33053,1.0,34197,1.0,35216,1.0,36078,1.0,36854,1.0,37578,1.0,38301,1.0,39075,1.0,39937,1.0,40854,1.0,41117,1.0,42490,1.0,43968,1.0,45495,1.0,47693,1.0,49413,1.0,49824,1.0,50460,1.0,51399,1.0,52720,1.0,53306,1.0,54031,1.0,55067,1.0
  FPL,,—,,—,,—,,—,,14877,0.669080278839667,16204,0.646762991937415,15316,0.647227856659905,15504,0.645032451323015,15838,0.649550916622237,16204,0.646762991937415,16416,0.638580931263858,16732,0.606363702254113,17170,0.601675018397169,17547,0.598179586827572,17911,0.589565503620803,18198,0.582895579756566,28972,0.901908290010273,19054,0.578867420099648,19498,0.572628487518355,19904,0.567793467408358,20404,0.568245745954828,20804,0.567221964719034,21123,0.565905802925575,21332,0.560910835897031,21552,0.555707397571101,22052,0.55777013354917,22575,0.55862120162328,23303,0.574177651841813,24254,0.579920139636085,25217,0.583834969438785,26024,0.583393113342898,26706,0.571740526653821,27551,0.569835984198225,27831,0.571384577482138,28200,0.571590724825685,28500,0.56696108856529,28952,0.561335478992574,29617,0.567788811778689,29876,0.564923891462608,30220,0.560543107285947
  NEER,,—,,—,,—,,—,,—,,—,,—,,—,,—,,—,,—,,—,,—,,—,,—,,—,,—,,—,,—,,—,,15503,0.431754254045172,—,,—,,—,,17231,0.444292602428899,17484,0.44222986645083,17837,0.44137879837672,17282,0.425822348158187,17569,0.420079860363915,17975,0.416165030561215,18584,0.416606886657102,20004,0.428259473346179,20798,0.430164015801775,20877,0.428615422517862,21136,0.428409275174315,21768,0.43303891143471,22625,0.438664521007426,22545,0.432211188221311,23009,0.435076108537393,23692,0.439456892714053
  Corporate & Other,,—,,—,,—,,—,,228,,117,,214,,213,,116,,117,,118,,120,,115,,117,,119,,125,,288,,137,,147,,161,,171,,177,,252,,270,,292,,401,,442,,532,,667,,776,,887,,983,,1064,,1116,,1124,,1131,,1143,,1144,,1146,,1155,
  NextEra Energy Resource LLC,,—,,—,,—,,—,,7358,0.330919721160333,8850,0.353237008062585,8348,0.352772143340095,8532,0.354967548676985,8545,0.350449083377763,8850,0.353237008062585,9291,0.361419068736142,10862,0.393636297745887,11367,0.398324981602831,11787,0.401820413172428,12469,0.410434496379197,13022,0.417104420243434,3151,0.098091709989727,13862,0.421132579900352,14552,0.427371512481645,15151,0.432206532591642,—,,15873,0.432778035280966,16203,0.434094197074425,16699,0.439089164102969,—,,—,,—,,—,,—,,—,,—,,—,,—,,—,,—,,—,,—,,—,,—,,—,
Assets,,28333,1.0,29343,1.0,29971,1.0,33644,1.0,33004,1.0,32836,1.0,33764,1.0,34869,1.0,35822,1.0,35535,1.0,37343,1.0,39571,1.0,40123,1.0,41330,1.0,43753,1.0,45478,1.0,44821,1.0,45304,1.0,46404,1.0,47155,1.0,48482,1.0,50942,1.0,51209,1.0,52734,1.0,52994,1.0,53257,1.0,54557,1.0,56585,1.0,57188,1.0,59207,1.0,60390,1.0,62049,1.0,64439,1.0,63843,1.0,65217,1.0,67166,1.0,69306,1.0,70331,1.0,71590,1.0,72193,1.0
  FPL,,19114,0.692009702762391,19535,0.682683907041761,19987,0.681940700808625,23199,0.704494382022472,22726,0.707225991162009,21833,0.679203608648312,22386,0.674439624005785,23150,0.673356602675975,22970,0.67016776075857,22559,0.661050225634414,23360,0.657380047840158,24101,0.627875472189657,24044,0.623725647876728,24637,0.621189581704949,25882,0.612301868937781,26739,0.618686225965432,26175,0.604057047909166,26337,0.598758695948711,26742,0.592804415774423,26761,0.585144531420825,26812,0.571099940359547,28053,0.572966238434673,28414,0.57503086232368,28740,0.565759168487569,28698,0.561747607023313,28984,0.566735755347855,30128,0.569742813918306,30870,0.567119210772877,31816,0.575594753505201,32996,0.575444715730729,33655,0.576195449331439,34120,0.569796763581103,34853,0.562217705510388,35454,0.573244082266201,35990,0.570536294605349,36168,0.559071306014561,36488,0.547522583355842,37189,0.550752325099224,37882,0.550338495510939,38403,0.550005012674907
  NEER,,—,,—,,—,,—,,—,,—,,—,,—,,—,,—,,—,,—,,—,,—,,—,,—,,—,,—,,—,,—,,20136,0.428900059640453,—,,—,,—,,22389,0.438252392976687,22158,0.433264244652145,22752,0.430257186081694,23563,0.432880789227123,23459,0.424405246494799,24344,0.424555284269271,24754,0.423804550668561,25761,0.430203236418897,27139,0.437782294489612,26394,0.426755917733799,27091,0.429463705394651,28525,0.440928693985439,30154,0.452477416644158,30335,0.449247674900776,30952,0.449661504489061,31420,0.449994987325093
  Corporate & Other,,712,,728,,662,,714,,870,,691,,572,,489,,1547,,1409,,1808,,1186,,1574,,1669,,1483,,2259,,1489,,1318,,1293,,1421,,1534,,1981,,1796,,1935,,1907,,2115,,1677,,2152,,1913,,1867,,1981,,2168,,2447,,1995,,2136,,2473,,2664,,2807,,2756,,2370,
  NextEra Energy Resource LLC,,8507,0.307990297237609,9080,0.317316092958239,9322,0.318059299191375,9731,0.295505617977528,9408,0.292774008837991,10312,0.320796391351688,10806,0.325560375994216,11230,0.326643397324026,11305,0.32983223924143,11567,0.338949774365586,12175,0.342619952159842,14284,0.372124527810343,14505,0.376274352123272,15024,0.378810418295051,16388,0.387698131062219,16480,0.381313774034568,17157,0.395942952090834,17649,0.401241304051289,18369,0.407195584225577,18973,0.414855468579175,—,,20908,0.427033761565328,20999,0.42496913767632,22059,0.434240831512431,—,,—,,—,,—,,—,,—,,—,,—,,—,,—,,—,,—,,—,,—,,—,,—,
"Cash, Cash Equivalents & Marketable Securities",,—,,—,,—,,—,,—,,—,,—,,—,,—,,—,,—,,—,,—,,—,,—,,—,,—,,276,1.0,276,1.0,164,1.0,238,1.0,1215,1.0,829,1.0,791,1.0,302,1.0,425,1.0,287,1.0,640,1.0,377,1.0,275,1.0,295,1.0,246,1.0,329,1.0,215,1.0,411,1.0,558,1.0,438,1.0,488,1.0,622,1.0,485,1.0
  NEER,,—,,—,,—,,—,,—,,—,,—,,—,,—,,—,,—,,—,,—,,—,,—,,—,,—,,—,,—,,—,,118,0.587064676616915,—,,—,,—,,165,0.891891891891892,169,0.889473684210526,171,0.806603773584906,172,0.851485148514851,166,0.821782178217822,132,0.891891891891892,163,0.862433862433862,199,0.908675799086758,257,0.865319865319865,152,0.812834224598931,265,0.898305084745763,361,0.869879518072289,370,0.951156812339332,345,0.900783289817232,437,0.882828282828283,416,0.934831460674157
  Corporate & Other,,—,,—,,—,,—,,—,,—,,—,,—,,—,,—,,—,,—,,—,,—,,—,,—,,—,,87,,46,,36,,37,,480,,309,,652,,117,,235,,75,,438,,175,,127,,106,,27,,32,,28,,116,,143,,49,,105,,127,,40,
  FPL,,—,,—,,—,,—,,—,,—,,—,,—,,—,,—,,—,,—,,—,,—,,—,,—,,—,,96,0.507936507936508,99,0.430434782608696,34,0.265625,83,0.412935323383085,590,0.802721088435374,379,0.728846153846154,37,0.266187050359712,20,0.108108108108108,21,0.110526315789474,41,0.193396226415094,30,0.148514851485149,36,0.178217821782178,16,0.108108108108108,26,0.137566137566138,20,0.091324200913242,40,0.134680134680135,35,0.187165775401069,30,0.101694915254237,54,0.130120481927711,19,0.0488431876606684,38,0.0992167101827676,58,0.117171717171717,29,0.0651685393258427
  NextEra Energy Resource LLC,,—,,—,,—,,—,,—,,—,,—,,—,,—,,—,,—,,—,,—,,—,,—,,—,,—,,93,0.492063492063492,131,0.569565217391304,94,0.734375,—,,145,0.197278911564626,141,0.271153846153846,102,0.733812949640288,—,,—,,—,,—,,—,,—,,—,,—,,—,,—,,—,,—,,—,,—,,—,,—,
Property Plant & Equip (Gross),,—,,—,,—,,—,,—,,—,,—,,—,,—,,—,,—,,—,,—,,—,,—,,—,,—,,—,,—,,—,,50169,1.0,—,,—,,—,,54221,1.0,—,,—,,—,,57552,1.0,—,,—,,—,,64917,1.0,—,,—,,—,,62699,1.0,—,,—,,—,
  NEER,,—,,—,,—,,—,,—,,—,,—,,—,,—,,—,,—,,—,,—,,—,,—,,—,,—,,—,,—,,—,,18844,0.378196122506322,—,,—,,—,,21304,0.396523163400153,—,,—,,—,,21482,0.379192261526513,—,,—,,—,,25333,0.398430373376113,—,,—,,—,,24425,0.398690890096796,—,,—,,—,
  Corporate & Other,,—,,—,,—,,—,,—,,—,,—,,—,,—,,—,,—,,—,,—,,—,,—,,—,,—,,—,,—,,—,,343,,—,,—,,—,,494,,—,,—,,—,,900,,—,,—,,—,,1335,,—,,—,,—,,1436,,—,,—,,—,
  FPL,,—,,—,,—,,—,,—,,—,,—,,—,,—,,—,,—,,—,,—,,—,,—,,—,,—,,—,,—,,—,,30982,0.621803877493678,—,,—,,—,,32423,0.603476836599847,—,,—,,—,,35170,0.620807738473487,—,,—,,—,,38249,0.601569626623887,—,,—,,—,,36838,0.601309109903204,—,,—,,—,
Long Term Debt,,—,,—,,—,,—,,—,,—,,—,,—,,—,,—,,—,,—,,—,,12304,1.0,12057,1.0,12814,1.0,13833,1.0,15099,1.0,15664,1.0,15601,1.0,16300,1.0,16601,1.0,17171,1.0,17680,1.0,18013,1.0,18288,1.0,19235,1.0,20039,1.0,20810,1.0,20582,1.0,21580,1.0,22714,1.0,23177,1.0,23969,1.0,23514,1.0,23183,1.0,23969,1.0,23824,1.0,25049,1.0,24367,1.0
  FPL,,—,,—,,—,,—,,—,,—,,—,,—,,—,,—,,—,,—,,—,,5553,0.663203152991759,5328,0.645974781765276,5310,0.611680681949084,0,,5789,0.605290673358427,5789,0.591257277091206,5782,0.595529920692141,5794,0.591888854837062,6275,0.598074723598933,6292,0.588477366255144,6278,0.576809996324881,6682,0.57872856400485,6657,0.57249742002064,6908,0.581090174966353,6885,0.570375279595725,7483,0.579000309501702,7056,0.56330831869711,7656,0.583848089681995,7632,0.557568673290473,8329,0.597703623968425,8473,0.596732164236918,8499,0.594335664335664,7349,0.442630849846413,8473,0.596732164236918,8443,0.599857904085258,9413,0.602933640789137,9413,0.602933640789137
  Corporate & Other,,—,,—,,—,,—,,—,,—,,—,,—,,—,,—,,—,,—,,—,,3931,,3809,,4133,,5311,,5535,,5873,,5892,,6511,,6109,,6479,,6796,,6467,,6660,,7347,,7968,,7886,,8056,,8467,,9026,,9242,,9770,,9214,,6580,,9770,,9749,,9437,,8755,
  NEER,,—,,—,,—,,—,,—,,—,,—,,—,,—,,—,,—,,—,,—,,—,,—,,—,,—,,—,,—,,—,,3995,0.408111145162938,—,,—,,—,,4864,0.42127143599515,4971,0.42750257997936,4980,0.418909825033647,5186,0.429624720404275,5441,0.420999690498298,5470,0.43669168130289,5457,0.416151910318005,6056,0.442431326709527,5606,0.402296376031575,5726,0.403267835763082,5801,0.405664335664336,9254,0.557369150153587,5726,0.403267835763082,5632,0.400142095914742,6199,0.397066359210863,6199,0.397066359210863
  NextEra Energy Resource LLC,,—,,—,,—,,—,,—,,—,,—,,—,,—,,—,,—,,—,,—,,2820,0.336796847008241,2920,0.354025218234724,3371,0.388319318050916,8522,1.0,3775,0.394709326641573,4002,0.408742722908794,3927,0.404470079307859,—,,4217,0.401925276401067,4400,0.411522633744856,4606,0.423190003675119,—,,—,,—,,—,,—,,—,,—,,—,,—,,—,,—,,—,,—,,—,,—,,—,
Debt,,9744,1.0,—,,—,,—,,2563,1.0,—,,—,,170,1.0,8624,1.0,—,,—,,—,,9591,1.0,—,,—,,—,,17086,1.0,—,,—,,—,,18889,1.0,—,,—,,—,,20822,1.0,—,,—,,—,,21618,1.0,—,,—,,—,,27359,1.0,—,,—,,—,,23969,1.0,—,,—,,—,
  NEER,,—,,—,,—,,—,,—,,—,,—,,—,,—,,—,,—,,—,,—,,—,,—,,—,,—,,—,,—,,—,,4322,0.393768221574344,—,,—,,—,,5255,0.438574528459356,—,,—,,—,,5848,0.437037590613557,—,,—,,—,,6349,0.419602141299319,—,,—,,—,,5726,0.403267835763082,—,,—,,—,
  NextEra Energy Resource LLC,,1611,0.364150090415913,—,,—,,—,,176,0.119727891156463,—,,—,,49,0.433628318584071,5368,1.0,—,,—,,—,,5377,1.0,—,,—,,—,,8522,0.723736730360934,—,,—,,—,,—,,—,,—,,—,,—,,—,,—,,—,,—,,—,,—,,—,,—,,—,,—,,—,,—,,—,,—,,—,
  Corporate & Other,,5320,,—,,—,,—,,1093,,—,,—,,57,,3256,,—,,—,,—,,4214,,—,,—,,—,,5311,,—,,—,,—,,7913,,—,,—,,—,,8840,,—,,—,,—,,8237,,—,,—,,—,,12228,,—,,—,,—,,9770,,—,,—,,—,
  FPL,,2813,0.635849909584087,—,,—,,—,,1294,0.880272108843537,—,,—,,64,0.566371681415929,0,,—,,—,,—,,0,,—,,—,,—,,3253,0.276263269639066,—,,—,,—,,6654,0.606231778425656,—,,—,,—,,6727,0.561425471540644,—,,—,,—,,7533,0.562962409386443,—,,—,,—,,8782,0.580397858700681,—,,—,,—,,8473,0.596732164236918,—,,—,,—,
Retained Earnings,,—,,—,,—,,—,,—,,—,,—,,—,,—,,—,,—,,—,,—,,—,,—,,—,,—,,7058,1.0,8303,1.0,7583,1.0,4707,1.0,8873,1.0,8303,1.0,8817,1.0,8873,1.0,8912,1.0,9262,1.0,9439,1.0,9876,1.0,10089,1.0,10444,1.0,10607,1.0,10783,1.0,10777,1.0,11109,1.0,11528,1.0,11569,1.0,12773,1.0,11860,1.0,11528,1.0
  NEER,,—,,—,,—,,—,,—,,—,,—,,—,,—,,—,,—,,—,,—,,—,,—,,—,,—,,—,,—,,—,,—,,—,,—,,—,,4012,0.543926247288503,4077,0.564134495641345,4316,0.555684305394618,4383,0.535753575357536,4786,0.543925446073417,5007,0.540712742980562,5258,0.533103518199331,5301,0.514710166035537,5473,0.510207886641186,5433,0.510860366713681,5662,0.503065304309196,5943,0.52930174563591,6028,0.521453287197232,7013,0.560501918158568,6196,0.516419403233872,5943,0.52930174563591
  FPL,,—,,—,,—,,—,,—,,—,,—,,—,,—,,—,,—,,—,,—,,—,,—,,—,,—,,2250,0.432027649769585,3125,0.46795447738844,2484,0.423385034941197,2670,1.0,3364,0.456073752711497,3125,0.46795447738844,3183,0.4469250210615,3364,0.456073752711497,3150,0.435865504358655,3451,0.444315694605382,3798,0.464246424642464,4013,0.456074553926583,4253,0.459287257019438,4605,0.466896481800669,4998,0.485289833964463,5254,0.489792113358814,5202,0.489139633286319,5593,0.496934695690804,5285,0.47069825436409,5532,0.478546712802768,5499,0.439498081841432,5802,0.483580596766128,5285,0.47069825436409
  Corporate & Other,,—,,—,,—,,—,,—,,—,,—,,—,,—,,—,,—,,—,,—,,—,,—,,—,,—,,1850,,1625,,1716,,2037,,1497,,1625,,1695,,1497,,1685,,1495,,1258,,1077,,829,,581,,308,,56,,142,,-146,,300,,9,,261,,-138,,300,
  NextEra Energy Resource LLC,,—,,—,,—,,—,,—,,—,,—,,—,,—,,—,,—,,—,,—,,—,,—,,—,,—,,2958,0.567972350230415,3553,0.53204552261156,3383,0.576614965058803,—,,4012,0.543926247288503,3553,0.53204552261156,3939,0.5530749789385,—,,—,,—,,—,,—,,—,,—,,—,,—,,—,,—,,—,,—,,—,,—,,—,
Total Equity,,—,,—,,—,,—,,—,,—,,—,,—,,—,,—,,—,,—,,—,,—,,—,,—,,—,,11999,1.0,13529,1.0,12732,1.0,22755,1.0,14461,1.0,13529,1.0,14151,1.0,14461,1.0,14599,1.0,14906,1.0,14887,1.0,14943,1.0,15223,1.0,15788,1.0,15886,1.0,16068,1.0,16202,1.0,16601,1.0,17409,1.0,18040,1.0,18160,1.0,18429,1.0,19144,1.0
  NEER,,—,,—,,—,,—,,—,,—,,—,,—,,—,,—,,—,,—,,—,,—,,—,,—,,—,,—,,—,,—,,15122,0.515194875988008,—,,—,,—,,11869,0.547968605724838,12087,0.557930206794682,12169,0.551982218996643,12017,0.532881025231697,11635,0.517456081832333,11866,0.516025222874538,12332,0.513533771966353,13131,0.520968061892482,13648,0.521353808541523,14057,0.529753156208781,13041,0.503299756860021,14286,0.532146316024734,14525,0.526096562715057,15098,0.527385776163197,15010,0.527332771219786,15696,0.543433853824049
  FPL,,—,,—,,—,,—,,—,,—,,—,,—,,—,,—,,—,,—,,—,,—,,—,,—,,—,,8016,0.464749536178108,9027,0.449260936644603,8250,0.447348443769656,14230,0.484805124011992,9791,0.452031394275162,9027,0.449260936644603,9609,0.457049086757991,9791,0.452031394275162,9577,0.442069793205318,9877,0.448017781003357,10534,0.467118974768303,10850,0.482543918167667,11129,0.483974777125462,11682,0.486466228033647,12074,0.479031938107518,12530,0.478646191458477,12478,0.470246843791219,12870,0.496700243139979,12560,0.467853683975266,13084,0.473903437284943,13530,0.472614223836803,13454,0.472667228780214,13187,0.456566146175951
  Corporate & Other,,—,,—,,—,,—,,—,,—,,—,,—,,—,,—,,—,,—,,—,,—,,—,,—,,—,,-5249,,-6564,,-5710,,-6597,,-7199,,-6564,,-6873,,-7199,,-7065,,-7140,,-7664,,-7542,,-7772,,-8226,,-9319,,-10110,,-10333,,-9310,,-9437,,-9569,,-10468,,-10035,,-9739,
  NextEra Energy Resource LLC,,—,,—,,—,,—,,—,,—,,—,,—,,—,,—,,—,,—,,—,,—,,—,,—,,—,,9232,0.535250463821892,11066,0.550739063355397,10192,0.552651556230344,—,,11869,0.547968605724838,11066,0.550739063355397,11415,0.542950913242009,—,,—,,—,,—,,—,,—,,—,,—,,—,,—,,—,,—,,—,,—,,—,,—,
Total Equity Including/Excluding Certain Items,,—,,—,,—,,—,,—,,—,,—,,—,,—,,—,,—,,—,,—,,—,,—,,—,,—,,—,,—,,—,,—,,—,,—,,—,,—,,—,,—,,—,,—,,—,,—,,—,,—,,16202,1.0,16601,1.0,17409,1.0,—,,—,,—,,—,
  NEER,,—,,—,,—,,—,,—,,—,,—,,—,,—,,—,,—,,—,,—,,—,,—,,—,,—,,—,,—,,—,,—,,—,,—,,—,,—,,—,,—,,—,,—,,—,,—,,—,,—,,14057,0.529753156208781,13041,0.503299756860021,14286,0.532146316024734,—,,—,,—,,—,
  Corporate & Other,,—,,—,,—,,—,,—,,—,,—,,—,,—,,—,,—,,—,,—,,—,,—,,—,,—,,—,,—,,—,,—,,—,,—,,—,,—,,—,,—,,—,,—,,—,,—,,—,,—,,-10333,,-9310,,-9437,,—,,—,,—,,—,
  FPL,,—,,—,,—,,—,,—,,—,,—,,—,,—,,—,,—,,—,,—,,—,,—,,—,,—,,—,,—,,—,,—,,—,,—,,—,,—,,—,,—,,—,,—,,—,,—,,—,,—,,12478,0.470246843791219,12870,0.496700243139979,12560,0.467853683975266,—,,—,,—,,—,
Depreciation and Amortization,,—,,—,,—,,—,,381,1.0,310,1.0,314,1.0,322,1.0,324,1.0,328,1.0,342,1.0,347,1.0,388,1.0,380,1.0,388,1.0,403,1.0,408,1.0,469,1.0,513,1.0,471,1.0,570,1.0,486,1.0,454,1.0,604,1.0,548,1.0,402,1.0,469,1.0,575,1.0,403,1.0,396,1.0,402,1.0,530,1.0,457,1.0,500,1.0,595,1.0,690,1.0,—,,551,1.0,695,1.0,872,1.0
  FPL,,—,,—,,—,,—,,243,0.745398773006135,195,0.691489361702128,197,0.684027777777778,197,0.676975945017182,199,0.658940397350993,188,0.646048109965636,194,0.638157894736842,194,0.633986928104575,197,0.572674418604651,196,0.595744680851064,199,0.585294117647059,200,0.581395348837209,201,0.575931232091691,251,0.619753086419753,273,0.633410672853828,263,0.614485981308411,281,0.616228070175439,229,0.559902200488998,193,0.506561679790026,333,0.633079847908745,254,0.538135593220339,142,0.438271604938272,212,0.528678304239402,299,0.613963039014374,145,0.448916408668731,118,0.380645161290323,125,0.384615384615385,254,0.555798687089716,163,0.422279792746114,181,0.444717444717445,248,0.512396694214876,351,0.591905564924115,—,,209,0.467561521252796,349,0.583612040133779,489,0.640052356020942
  NEER,,—,,—,,—,,—,,—,,—,,—,,—,,—,,—,,—,,—,,—,,—,,—,,—,,—,,—,,—,,—,,175,0.383771929824561,—,,—,,—,,218,0.461864406779661,182,0.561728395061728,189,0.471321695760599,188,0.386036960985626,178,0.551083591331269,192,0.619354838709677,200,0.615384615384615,203,0.444201312910284,223,0.577720207253886,226,0.555282555282555,236,0.487603305785124,242,0.408094435075885,—,,238,0.532438478747204,249,0.416387959866221,275,0.359947643979058
  Reconciliation,,—,,—,,—,,—,,49,,24,,20,,25,,16,,33,,34,,37,,40,,47,,44,,55,,55,,60,,78,,38,,110,,72,,68,,73,,71,,71,,61,,79,,72,,76,,67,,63,,60,,81,,95,,85,,—,,88,,81,,90,
  Corporate & Other,,—,,—,,—,,—,,6,,4,,6,,6,,6,,4,,4,,4,,4,,4,,4,,4,,4,,4,,4,,5,,4,,5,,5,,5,,5,,7,,7,,9,,8,,10,,10,,10,,11,,12,,16,,12,,—,,16,,16,,18,
  NextEra Energy Resource LLC,,—,,—,,—,,—,,83,0.254601226993865,87,0.308510638297872,91,0.315972222222222,94,0.323024054982818,103,0.341059602649007,103,0.353951890034364,110,0.361842105263158,112,0.366013071895425,147,0.427325581395349,133,0.404255319148936,141,0.414705882352941,144,0.418604651162791,148,0.424068767908309,154,0.380246913580247,158,0.366589327146172,165,0.385514018691589,—,,180,0.440097799511002,188,0.493438320209974,193,0.366920152091255,—,,—,,—,,—,,—,,—,,—,,—,,—,,—,,—,,—,,—,,—,,—,,—,
Inventories,,—,,—,,—,,—,,—,,—,,—,,—,,—,,—,,—,,—,,—,,—,,—,,—,,—,,—,,—,,—,,877,1.0,—,,—,,—,,857,1.0,—,,—,,—,,1074,1.0,—,,—,,—,,1073,1.0,—,,—,,—,,1153,1.0,—,,—,,—,
  NEER,,—,,—,,—,,—,,—,,—,,—,,—,,—,,—,,—,,—,,—,,—,,—,,—,,—,,—,,—,,—,,345,0.394736842105263,—,,—,,—,,342,0.403778040141677,—,,—,,—,,311,0.290654205607477,—,,—,,—,,342,0.319925163704397,—,,—,,—,,408,0.354782608695652,—,,—,,—,
  Corporate & Other,,—,,—,,—,,—,,—,,—,,—,,—,,—,,—,,—,,—,,—,,—,,—,,—,,—,,—,,—,,—,,3,,—,,—,,—,,10,,—,,—,,—,,4,,—,,—,,—,,4,,—,,—,,—,,3,,—,,—,,—,
  FPL,,—,,—,,—,,—,,—,,—,,—,,—,,—,,—,,—,,—,,—,,—,,—,,—,,—,,—,,—,,—,,529,0.605263157894737,—,,—,,—,,505,0.596221959858323,—,,—,,—,,759,0.709345794392523,—,,—,,—,,727,0.680074836295603,—,,—,,—,,742,0.645217391304348,—,,—,,—,
Capital Expenditures - Supplementary Breakdown,,—,,—,,—,,—,,—,,-4345,,-1345,,-715,,-698,,-4345,,-3280,,-1465,,-1447,,-3945,,-2890,,-1535,,-3945,,-4425,,-2910,,-1670,,—,,-2905,,-2005,,-1240,,-5696,,-4495,,-3405,,-2290,,-6915,,-6225,,-4250,,-2330,,-9460,,-3340,,-2410,,-790,,-5110,,-1866,,-3490,,-1945,
  Corporate & Other,,—,,—,,—,,—,,—,,—,,—,,—,,—,,—,,—,,—,,—,,—,,—,,—,,—,,—,,—,,—,,—,,—,,—,,—,,—,,—,,—,,—,,—,,—,,—,,—,,—,,—,,—,,—,,-150,,-24,,—,,-75,
  NextEra Energy Resource LLC,,—,,—,,—,,—,,—,,-2780,0.639815880322209,-520,0.386617100371747,-235,0.328671328671329,-220,0.315186246418338,-2780,0.639815880322209,-2190,0.667682926829268,-800,0.546075085324232,-780,0.539046302695231,-1820,0.461343472750317,-1410,0.487889273356401,-755,0.49185667752443,-1820,0.461343472750317,-2110,0.47683615819209,-1365,0.469072164948454,-825,0.494011976047904,—,,-950,0.327022375215146,-800,0.399002493765586,-535,0.431451612903226,-3072,0.539325842696629,-1930,0.4293659621802,-1550,0.455212922173275,-1155,0.504366812227074,-2774,0.40115690527838,-3305,0.530923694779116,-2370,0.557647058823529,-1310,0.562231759656652,-4681,0.494820295983087,-1235,0.369760479041916,-975,0.404564315352697,-790,1.0,-2595,0.523185483870968,-775,0.420738327904452,-1810,0.518624641833811,-925,0.494652406417112
    Nuclear,,—,,—,,—,,—,,—,,-1175,0.270425776754891,-90,0.0669144981412639,-55,0.0769230769230769,-59,0.0845272206303725,-1175,0.270425776754891,-1050,0.320121951219512,-185,0.126279863481229,-179,0.123704215618521,-215,0.0544993662864385,-180,0.0622837370242214,-115,0.0749185667752443,-215,0.0544993662864385,-260,0.0587570621468927,-180,0.0618556701030928,-105,0.062874251497006,—,,-375,0.129087779690189,-270,0.134663341645885,-170,0.137096774193548,-512,0.0898876404494382,-475,0.10567296996663,-325,0.0954478707782673,-205,0.0895196506550218,-686,0.0992046276211135,-270,0.0433734939759036,-185,0.0435294117647059,-95,0.0407725321888412,-286,0.0302325581395349,-225,0.0673652694610778,-160,0.0663900414937759,-115,0.145569620253165,-265,0.0534274193548387,-51,0.0276872964169381,-190,0.0544412607449857,-105,0.0561497326203209
    Other,,—,,—,,—,,—,,—,,-55,0.0126582278481013,-25,0.0185873605947955,-10,0.013986013986014,-8,0.0114613180515759,-55,0.0126582278481013,-40,0.0121951219512195,-35,0.0238907849829352,-32,0.0221147201105736,-30,0.00760456273764258,-30,0.0103806228373702,-30,0.0195439739413681,-30,0.00760456273764258,-85,0.0192090395480226,-60,0.0206185567010309,-50,0.029940119760479,—,,-55,0.0189328743545611,-50,0.0249376558603491,-40,0.032258064516129,-433,0.0760182584269663,-140,0.0311457174638487,-125,0.0367107195301028,-120,0.0524017467248908,-532,0.0769342010122921,-255,0.0409638554216867,-135,0.0317647058823529,-85,0.036480686695279,-795,0.0840380549682875,-200,0.0598802395209581,-65,0.0269709543568465,-90,0.113924050632911,-345,0.0695564516129032,-138,0.0749185667752443,-250,0.0716332378223496,-185,0.0989304812834225
    Solar,,—,,—,,—,,—,,—,,—,,—,,—,,—,,—,,—,,—,,—,,—,,—,,—,,—,,—,,—,,—,,—,,-150,0.0516351118760757,-105,0.0523690773067332,-95,0.0766129032258065,-155,0.0272120786516854,-800,0.17797552836485,-710,0.208516886930984,-540,0.235807860262009,-519,0.0750542299349241,-1040,0.167068273092369,-700,0.164705882352941,-740,0.317596566523605,-1235,0.130549682875264,-605,0.181137724550898,-325,0.134854771784232,-130,0.164556962025316,-480,0.0967741935483871,-81,0.0439739413680782,-365,0.10458452722063,-260,0.13903743315508
    Wind,,—,,—,,—,,—,,—,,-1485,0.341772151898734,-365,0.271375464684015,-110,0.153846153846154,-105,0.150429799426934,-1485,0.341772151898734,-1050,0.320121951219512,-560,0.382252559726962,-553,0.38217000691085,-1515,0.384030418250951,-1160,0.401384083044983,-565,0.368078175895765,-1515,0.384030418250951,-1670,0.377401129943503,-1085,0.372852233676976,-645,0.38622754491018,—,,-300,0.103270223752151,-355,0.177057356608479,-220,0.17741935483871,-1972,0.346207865168539,-515,0.114571746384872,-340,0.0998531571218796,-290,0.126637554585153,-1037,0.149963846710051,-1740,0.279518072289157,-1350,0.317647058823529,-390,0.167381974248927,-2365,0.25,-205,0.061377245508982,-425,0.176348547717842,-455,0.575949367088608,-1505,0.303427419354839,-505,0.274158523344191,-1005,0.287965616045845,-375,0.200534759358289
    Natural Gas Pipeline,,—,,—,,—,,—,,—,,-65,0.0149597238204833,-40,0.0297397769516729,-60,0.0839160839160839,-48,0.0687679083094556,-65,0.0149597238204833,-50,0.0152439024390244,-20,0.0136518771331058,-16,0.0110573600552868,-60,0.0152091254752852,-40,0.013840830449827,-45,0.0293159609120521,-60,0.0152091254752852,-95,0.0214689265536723,-40,0.013745704467354,-25,0.0149700598802395,—,,-70,0.0240963855421687,-20,0.00997506234413965,-10,0.00806451612903226,—,,—,,—,,—,,—,,—,,—,,—,,—,,—,,—,,—,,—,,—,,0,,—,
  FPL,,—,,—,,—,,—,,—,,-1565,0.360184119677791,-825,0.613382899628253,-480,0.671328671328671,-478,0.684813753581662,-1565,0.360184119677791,-1090,0.332317073170732,-665,0.453924914675768,-667,0.460953697304768,-2125,0.538656527249683,-1480,0.512110726643599,-780,0.50814332247557,-2125,0.538656527249683,-2315,0.52316384180791,-1545,0.530927835051546,-845,0.505988023952096,—,,-1955,0.672977624784854,-1205,0.600997506234414,-705,0.568548387096774,-2624,0.460674157303371,-2565,0.5706340378198,-1855,0.544787077826725,-1135,0.495633187772926,-4141,0.59884309472162,-2920,0.469076305220884,-1880,0.442352941176471,-1020,0.437768240343348,-4779,0.505179704016913,-2105,0.630239520958084,-1435,0.595435684647303,-790,1.0,-2365,0.476814516129032,-1067,0.579261672095548,-1680,0.481375358166189,-945,0.505347593582888
    Nuclear Fuel,,—,,—,,—,,—,,—,,-70,0.0161104718066743,-25,0.0185873605947955,-10,0.013986013986014,-9,0.0128939828080229,-70,0.0161104718066743,-20,0.00609756097560976,-10,0.0068259385665529,-8,0.0055286800276434,-105,0.026615969581749,-75,0.0259515570934256,-15,0.00977198697068404,-105,0.026615969581749,-65,0.0146892655367232,-90,0.0309278350515464,-40,0.0239520958083832,—,,-85,0.0292598967297762,-60,0.029925187032419,-45,0.0362903225806452,-101,0.0177317415730337,-235,0.0522803114571746,-165,0.0484581497797357,-125,0.0545851528384279,-365,0.0527838033261027,-125,0.0200803212851406,-85,0.02,-70,0.0300429184549356,-215,0.0227272727272727,-225,0.0673652694610778,-190,0.0788381742738589,-115,0.145569620253165,-80,0.0161290322580645,-68,0.0369163952225842,-75,0.0214899713467049,-35,0.018716577540107
    General and Other,,—,,—,,—,,—,,—,,—,,—,,—,,—,,—,,—,,—,,—,,—,,—,,—,,—,,—,,—,,—,,—,,—,,—,,—,,-101,0.0177317415730337,-145,0.032258064516129,-95,0.0279001468428781,-55,0.0240174672489083,-213,0.0308026030368764,-145,0.0232931726907631,-120,0.0282352941176471,-45,0.01931330472103,-95,0.0100422832980972,-150,0.0449101796407186,-95,0.0394190871369295,0,,-130,0.0262096774193548,-30,0.0162866449511401,-115,0.0329512893982808,-55,0.0294117647058823
    New Generation,,—,,—,,—,,—,,—,,-270,0.0621403912543153,-85,0.0631970260223048,-50,0.0699300699300699,-48,0.0687679083094556,-270,0.0621403912543153,-195,0.0594512195121951,-120,0.0819112627986348,-115,0.0794747753973739,-765,0.193916349809886,-590,0.204152249134948,-340,0.221498371335505,-765,0.193916349809886,-1110,0.250847457627119,-710,0.243986254295533,-420,0.251497005988024,—,,-845,0.290877796901893,-550,0.27431421446384,-300,0.241935483870968,-1112,0.195224719101124,-1105,0.245828698553949,-755,0.221732745961821,-460,0.200873362445415,-1424,0.205929139551699,-1580,0.253815261044177,-970,0.228235294117647,-500,0.214592274678112,-2488,0.263002114164905,-585,0.175149700598802,-335,0.139004149377593,-195,0.246835443037975,-475,0.0957661290322581,-290,0.157437567861021,-330,0.0945558739255014,-180,0.0962566844919786
    Existing Generation,,—,,—,,—,,—,,—,,-475,0.109321058688147,-290,0.215613382899628,-190,0.265734265734266,-195,0.279369627507163,-475,0.109321058688147,-355,0.108231707317073,-235,0.160409556313993,-239,0.165169315825847,-535,0.135614702154626,-375,0.129757785467128,-205,0.133550488599349,-535,0.135614702154626,-545,0.12316384180791,-355,0.121993127147766,-180,0.107784431137725,—,,-480,0.165232358003442,-235,0.117206982543641,-205,0.165322580645161,-636,0.111657303370787,-500,0.111234705228031,-410,0.120411160058737,-275,0.120087336244541,-907,0.13116413593637,-450,0.072289156626506,-285,0.0670588235294118,-190,0.0815450643776824,-520,0.0549682875264271,-525,0.157185628742515,-375,0.155601659751037,-245,0.310126582278481,-565,0.113911290322581,-307,0.166666666666667,-410,0.117478510028653,-230,0.122994652406417
    Transmission & Distribution,,—,,—,,—,,—,,—,,-640,0.147295742232451,-340,0.252788104089219,-165,0.230769230769231,-170,0.243553008595989,-640,0.147295742232451,-435,0.132621951219512,-230,0.156996587030717,-245,0.169315825846579,-615,0.155893536121673,-370,0.1280276816609,-190,0.123778501628664,-615,0.155893536121673,-445,0.100564971751412,-295,0.101374570446735,-155,0.092814371257485,—,,-480,0.165232358003442,-290,0.144638403990025,-115,0.092741935483871,-606,0.106390449438202,-580,0.129032258064516,-430,0.126284875183554,-220,0.0960698689956332,-880,0.127259580621837,-620,0.0995983935742972,-420,0.0988235294117647,-215,0.092274678111588,-966,0.102114164904863,-620,0.18562874251497,-440,0.182572614107884,-235,0.29746835443038,-1055,0.212701612903226,-288,0.156351791530945,-750,0.214899713467049,-445,0.237967914438503
    Other,,—,,—,,—,,—,,—,,-110,0.0253164556962025,-85,0.0631970260223048,-65,0.0909090909090909,-56,0.0802292263610315,-110,0.0253164556962025,-85,0.0259146341463415,-70,0.0477815699658703,-60,0.0414651002073255,-105,0.026615969581749,-70,0.0242214532871972,-30,0.0195439739413681,-105,0.026615969581749,-150,0.0338983050847458,-95,0.0326460481099656,-50,0.029940119760479,—,,-65,0.0223752151462995,-70,0.0349127182044888,-40,0.032258064516129,-68,0.011938202247191,—,,0,,0,,-352,0.0509038322487346,—,,—,,—,,-495,0.0523255813953488,—,,—,,—,,-60,0.0120967741935484,-84,0.0456026058631922,—,,—,
Fuel Costs,,—,,—,,—,,—,,1713,1.0,2053,1.0,2174,1.0,2656,1.0,2060,1.0,1672,1.0,2106,1.0,2443,1.0,1971,1.0,1726,1.0,1964,1.0,2728,1.0,1994,1.0,1811,1.0,1797,1.0,2164,1.0,1632,1.0,1349,1.0,1455,1.0,1991,1.0,1447,1.0,1404,1.0,1557,1.0,1911,1.0,1383,1.0,1404,1.0,1236,1.0,1526,1.0,1173,1.0,1065,1.0,1262,1.0,1438,1.0,1192,1.0,1397,1.0,1373,1.0,1566,1.0
  FPL,,—,,—,,—,,—,,1224,0.71830985915493,1538,0.759506172839506,1751,0.812529002320186,2080,0.788177339901478,1746,0.855044074436827,1414,0.856450635978195,1698,0.813218390804598,1969,0.811624072547403,1645,0.84315735520246,1457,0.856051703877791,1598,0.824987093443469,1992,0.736958934517203,1702,0.861772151898734,1469,0.819297267150028,1554,0.870588235294118,1786,0.82954017649791,1410,0.87037037037037,1107,0.834212509419744,1205,0.836224843858432,1504,0.761904761904762,1166,0.813677599441731,1071,0.772727272727273,1304,0.846753246753247,1479,0.781299524564184,1123,0.822108345534407,1071,0.772727272727273,1086,0.885085574572127,1280,0.845442536327609,963,0.830172413793103,820,0.780952380952381,1018,0.819645732689211,1141,0.802955665024631,946,0.804421768707483,1036,0.75565280816922,1076,0.796447076239822,1255,0.811247575953458
  NEER,,—,,—,,—,,—,,—,,—,,—,,—,,—,,—,,—,,—,,—,,—,,—,,—,,—,,—,,—,,—,,210,0.12962962962963,—,,—,,—,,267,0.186322400558269,315,0.227272727272727,236,0.153246753246753,414,0.218700475435816,243,0.177891654465593,315,0.227272727272727,141,0.114914425427873,234,0.154557463672391,197,0.169827586206897,230,0.219047619047619,224,0.180354267310789,280,0.197044334975369,230,0.195578231292517,335,0.24434719183078,275,0.203552923760178,292,0.188752424046542
  Corporate & Other,,—,,—,,—,,—,,9,,28,,19,,17,,18,,21,,18,,17,,20,,24,,27,,25,,19,,18,,12,,11,,12,,22,,14,,17,,14,,18,,17,,18,,17,,18,,9,,12,,13,,15,,20,,17,,16,,26,,22,,19,
  NextEra Energy Resource LLC,,—,,—,,—,,—,,480,0.28169014084507,487,0.240493827160494,404,0.187470997679814,559,0.211822660098522,296,0.144955925563173,237,0.143549364021805,390,0.186781609195402,457,0.188375927452597,306,0.15684264479754,245,0.143948296122209,339,0.175012906556531,711,0.263041065482797,273,0.138227848101266,324,0.180702732849972,231,0.129411764705882,367,0.17045982350209,—,,220,0.165787490580256,236,0.163775156141568,470,0.238095238095238,—,,—,,—,,—,,—,,—,,—,,—,,—,,—,,—,,—,,—,,—,,—,,—,
Electricity Supply in KWh,,—,,—,,—,,—,,24231,1.0,—,,—,,—,,25013,1.0,—,,—,,—,,25565,1.0,23626,1.0,27766,1.0,30548,1.0,23466,1.0,22605,1.0,26912,1.0,30750,1.0,—,,23859,1.0,27815,1.0,31817,1.0,24487,1.0,22400,1.0,28757,1.0,31699,1.0,23806,1.0,11093,1.0,27098,1.0,30800,1.0,24107,1.0,23045,1.0,27829,1.0,30815,1.0,25954,1.0,25055,1.0,28942,1.0,32886,1.0
  FPL,,—,,—,,—,,—,,24231,1.0,—,,—,,—,,25013,1.0,—,,—,,—,,25565,1.0,23626,1.0,27766,1.0,30548,1.0,23466,1.0,22605,1.0,26912,1.0,30750,1.0,—,,23859,1.0,27815,1.0,31817,1.0,24487,1.0,22400,1.0,28757,1.0,31699,1.0,23806,1.0,11093,1.0,27098,1.0,30800,1.0,24107,1.0,23045,1.0,27829,1.0,30815,1.0,25954,1.0,25055,1.0,28942,1.0,32886,1.0
Average Electricity Revenue per KWh,,—,,—,,—,,—,,—,,—,,—,,—,,—,,—,,—,,—,,—,,—,,—,,—,,—,,—,,—,,—,,—,,—,,—,,—,,—,,—,,—,,—,,—,,—,,—,,—,,—,,—,,—,,—,,—,,—,,—,,—,
  Residential,,—,,—,,—,,—,,9.62,,11.76,,11.88,,12,,11.39,,11.34,,11.34,,11.49,,11.91,,11.24,,11.31,,11.94,,12.15,,11.94,,11.84,,11.91,,—,,8.65,,10.43,,10.58,,10.5,,10.51,,10.66,,10.75,,10.64,,10.4,,10.46,,10.53,,10.44,,10.39,,10.5,,10.58,,10.49,,10.98,,11.17,,11.21,
  Commercial,,—,,—,,—,,—,,8.24,,10.55,,10.58,,10.48,,9.91,,10.06,,10.01,,9.85,,10.57,,9.94,,9.94,,10.37,,10.81,,10.67,,10.51,,10.28,,—,,7.46,,8.96,,8.82,,9.06,,9.21,,9.06,,8.94,,9.18,,8.83,,8.64,,8.53,,8.75,,8.75,,8.54,,8.33,,8.55,,9.16,,9.11,,8.89,
  Industrial,,—,,—,,—,,—,,6.67,,8.73,,9,,8.98,,8.42,,8.7,,8.46,,8.41,,8.77,,8.3,,8.35,,8.84,,9.19,,8.94,,8.89,,8.79,,—,,5.59,,7.39,,7.25,,7.29,,7.38,,7.4,,7.38,,7.45,,6.97,,6.81,,6.79,,6.91,,6.68,,6.44,,6.39,,6.55,,6.99,,6.96,,6.9,
  Other,,—,,—,,—,,—,,—,,—,,—,,—,,—,,—,,—,,—,,—,,—,,—,,—,,11.55,,—,,—,,—,,—,,—,,—,,—,,—,,—,,—,,—,,9.82,,—,,—,,—,,9.51,,—,,—,,—,,—,,—,,—,,—,
Heating Degree Days Normal,,—,,—,,—,,—,,—,,—,,—,,—,,—,,—,,—,,—,,—,,—,,—,,—,,—,,—,,—,,—,,—,,—,,—,,—,,—,,—,,—,,—,,—,,—,,—,,—,,—,,—,,—,,—,,—,,—,,—,,—,
  FPL,,—,,—,,—,,—,,93,,214,,6,,0,,93,,214,,5,,0,,75,,204,,5,,0,,92,,225,,16,,0,,—,,231,,16,,0,,98,,256,,16,,0,,119,,254,,15,,0,,116,,248,,13,,0,,118,,250,,12,,0,
Distribution Trench and Submarine - Cable Miles,,—,,—,,—,,—,,24516,1.0,—,,—,,—,,24768,1.0,—,,—,,—,,25142,1.0,—,,—,,—,,25070,1.0,—,,—,,—,,—,,—,,—,,—,,—,,—,,—,,—,,25204,1.0,—,,—,,—,,25300,1.0,—,,—,,—,,25413,1.0,—,,—,,—,
  FPL,,—,,—,,—,,—,,24516,1.0,—,,—,,—,,24768,1.0,—,,—,,—,,25142,1.0,—,,—,,—,,25070,1.0,—,,—,,—,,—,,—,,—,,—,,—,,—,,—,,—,,25204,1.0,—,,—,,—,,25300,1.0,—,,—,,—,,25413,1.0,—,,—,,—,
    Less than 69 kv,,—,,—,,—,,—,,24427,0.996369717735357,—,,—,,—,,24679,0.99640665374677,—,,—,,—,,25053,0.996460106594543,—,,—,,—,,24981,0.996449940167531,—,,—,,—,,—,,—,,—,,—,,—,,—,,—,,—,,25111,0.996310109506428,—,,—,,—,,25207,0.996324110671937,—,,—,,—,,25322,0.996419155550309,—,,—,,—,
    138 Kv,,—,,—,,—,,—,,50,0.00203948441833904,—,,—,,—,,0,,—,,—,,—,,0,,—,,—,,—,,50,0.00199441563621859,—,,—,,—,,—,,—,,—,,—,,—,,—,,—,,—,,53,0.00210284081891763,—,,—,,—,,53,0.00209486166007905,—,,—,,—,,52,0.00204619682839492,—,,—,,—,
    500 kv,,—,,—,,—,,—,,0,,—,,—,,—,,50,0.0020187338501292,—,,—,,—,,50,0.0019887041603691,—,,—,,—,,0,,—,,—,,—,,—,,—,,—,,—,,—,,—,,—,,—,,0,,—,,—,,—,,0,,—,,—,,—,,0,,—,,—,,—,
    115 kv,,—,,—,,—,,—,,0,,—,,—,,—,,0,,—,,—,,—,,0,,—,,—,,—,,0,,—,,—,,—,,—,,—,,—,,—,,—,,—,,—,,—,,1,3.96762418663704e-05,—,,—,,—,,1,3.95256916996047e-05,—,,—,,—,,0,,—,,—,,—,
    230Kv,,—,,—,,—,,—,,25,0.00101974220916952,—,,—,,—,,25,0.0010093669250646,—,,—,,—,,25,0.000994352080184552,—,,—,,—,,25,0.000997207818109294,—,,—,,—,,—,,—,,—,,—,,—,,—,,—,,—,,25,0.000991906046659261,—,,—,,—,,25,0.000988142292490119,—,,—,,—,,25,0.000983748475189863,—,,—,,—,
    69 kv,,—,,—,,—,,—,,14,0.000571055637134932,—,,—,,—,,14,0.000565245478036176,—,,—,,—,,14,0.000556837164903349,—,,—,,—,,14,0.000558436378141205,—,,—,,—,,—,,—,,—,,—,,—,,—,,—,,—,,14,0.000555467386129186,—,,—,,—,,14,0.000553359683794466,—,,—,,—,,14,0.000550899146106324,—,,—,,—,
Distribution Overhead Lines - Pole Miles,,—,,—,,—,,—,,47724,1.0,—,,—,,—,,48151,1.0,—,,—,,—,,48242,1.0,—,,—,,—,,48287,1.0,—,,—,,—,,—,,—,,—,,—,,—,,—,,—,,—,,48963,1.0,—,,—,,—,,48965,1.0,—,,—,,—,,49061,1.0,—,,—,,—,
  FPL,,—,,—,,—,,—,,47724,1.0,—,,—,,—,,48151,1.0,—,,—,,—,,48242,1.0,—,,—,,—,,48287,1.0,—,,—,,—,,—,,—,,—,,—,,—,,—,,—,,—,,48963,1.0,—,,—,,—,,48965,1.0,—,,—,,—,,49061,1.0,—,,—,,—,
    Less than 69 kv,,—,,—,,—,,—,,41343,0.866293688710083,—,,—,,—,,41619,0.864343419658989,—,,—,,—,,41690,0.864184735292898,—,,—,,—,,41668,0.862923768302027,—,,—,,—,,—,,—,,—,,—,,—,,—,,—,,—,,42334,0.864612053999959,—,,—,,—,,42331,0.864515470233841,—,,—,,—,,42327,0.862742300401541,—,,—,,—,
    138 Kv,,—,,—,,—,,—,,1588,0.0332746626435337,—,,—,,—,,1608,0.0333949450686382,—,,—,,—,,1609,0.0333526802371378,—,,—,,—,,1619,0.0335286930229668,—,,—,,—,,—,,—,,—,,—,,—,,—,,—,,—,,1575,0.0321671466209178,—,,—,,—,,1577,0.0322066782395589,—,,—,,—,,1580,0.0322048062615927,—,,—,,—,
    500 kv,,—,,—,,—,,—,,1106,0.0231749224708742,—,,—,,—,,1106,0.0229694087350211,—,,—,,—,,1106,0.0229260810082501,—,,—,,—,,1106,0.0229047155549113,—,,—,,—,,—,,—,,—,,—,,—,,—,,—,,—,,1106,0.022588485182689,—,,—,,—,,1106,0.0225875625446748,—,,—,,—,,1106,0.0225433643831149,—,,—,,—,
    115 kv,,—,,—,,—,,—,,752,0.0157572709747716,—,,—,,—,,750,0.015576000498432,—,,—,,—,,730,0.0151320426184652,—,,—,,—,,733,0.0151800691697558,—,,—,,—,,—,,—,,—,,—,,—,,—,,—,,—,,746,0.0152359945264792,—,,—,,—,,748,0.0152762177065251,—,,—,,—,,757,0.0154297711012821,—,,—,,—,
    230Kv,,—,,—,,—,,—,,2771,0.0580630290838991,—,,—,,—,,2904,0.0603102739299288,—,,—,,—,,2943,0.0610049334604701,—,,—,,—,,2997,0.0620663946817984,—,,—,,—,,—,,—,,—,,—,,—,,—,,—,,—,,3038,0.0620468517043482,—,,—,,—,,3038,0.0620443173695497,—,,—,,—,,3127,0.0637369804936711,—,,—,,—,
    69 kv,,—,,—,,—,,—,,164,0.00343642611683849,—,,—,,—,,164,0.00340595210899047,—,,—,,—,,164,0.00339952738277849,—,,—,,—,,164,0.00339635926854019,—,,—,,—,,—,,—,,—,,—,,—,,—,,—,,—,,164,0.00334946796560668,—,,—,,—,,165,0.00336975390585112,—,,—,,—,,164,0.00334277735879823,—,,—,,—,
Number of Substations,,—,,—,,—,,—,,543,1.0,—,,—,,—,,558,1.0,—,,—,,—,,573,1.0,—,,—,,—,,581,1.0,—,,—,,—,,—,,—,,—,,—,,—,,—,,—,,—,,—,,—,,—,,—,,591,1.0,—,,—,,—,,589,1.0,—,,—,,—,
  FPL,,—,,—,,—,,—,,543,1.0,—,,—,,—,,558,1.0,—,,—,,—,,573,1.0,—,,—,,—,,581,1.0,—,,—,,—,,—,,—,,—,,—,,—,,—,,—,,—,,—,,—,,—,,—,,591,1.0,—,,—,,—,,589,1.0,—,,—,,—,
Heating Degree Days Actual,,—,,—,,—,,—,,—,,—,,—,,—,,—,,—,,—,,—,,—,,—,,—,,—,,—,,—,,—,,—,,—,,—,,—,,—,,—,,—,,—,,—,,—,,—,,—,,—,,—,,—,,—,,—,,—,,—,,—,,—,
  FPL,,—,,—,,—,,—,,91,,191,,0,,0,,60,,134,,8,,0,,58,,96,,7,,0,,75,,289,,15,,0,,—,,587,,11,,0,,302,,229,,1,,0,,47,,153,,7,,0,,113,,217,,3,,0,,26,,198,,4,,0,
Cooling Degree Days Normal,,—,,—,,—,,—,,—,,—,,—,,—,,—,,—,,—,,—,,—,,—,,—,,—,,—,,—,,—,,—,,—,,—,,—,,—,,—,,—,,—,,—,,—,,—,,—,,—,,—,,—,,—,,—,,—,,—,,—,,—,
  FPL,,—,,—,,—,,—,,244,,49,,485,,871,,244,,49,,534,,923,,275,,52,,487,,872,,247,,128,,573,,922,,—,,123,,572,,294,,335,,117,,577,,946,,317,,124,,590,,931,,317,,125,,595,,929,,316,,250,,598,,927,
Cooling Degree Days Actual,,—,,—,,—,,—,,—,,—,,—,,—,,—,,—,,—,,—,,—,,—,,—,,—,,—,,—,,—,,—,,—,,—,,—,,—,,—,,—,,—,,—,,—,,—,,—,,—,,—,,—,,—,,—,,—,,—,,—,,—,
  FPL,,—,,—,,—,,—,,282,,35,,537,,896,,289,,76,,468,,967,,357,,86,,580,,917,,224,,93,,610,,983,,—,,42,,678,,330,,275,,119,,739,,1011,,291,,166,,585,,919,,290,,124,,572,,901,,403,,147,,606,,917,
Source: Bloomberg,,,,,,,,,,,,,,,,,,,,,,,,,,,,,,,,,,,,,,,,,,,,,,,,,,,,,,,,,,,,,,,,,,,,,,,,,,,,,,,,,
