Unnamed: 0,Unnamed: 1,Unnamed: 2,Unnamed: 3,Unnamed: 4,Unnamed: 5,Unnamed: 6,Unnamed: 7,Unnamed: 8,Unnamed: 9,Unnamed: 10,Unnamed: 11,Unnamed: 12,Unnamed: 13,Unnamed: 14,Unnamed: 15,Unnamed: 16,Unnamed: 17,Unnamed: 18,Unnamed: 19,Unnamed: 20,Unnamed: 21,Unnamed: 22,Unnamed: 23,Unnamed: 24,Unnamed: 25,Unnamed: 26,Unnamed: 27,Unnamed: 28,Unnamed: 29,Unnamed: 30,Unnamed: 31,Unnamed: 32,Unnamed: 33,Unnamed: 34,Unnamed: 35,Unnamed: 36,Unnamed: 37,Unnamed: 38,Unnamed: 39,Unnamed: 40,Unnamed: 41,Unnamed: 42,Unnamed: 43,Unnamed: 44,Unnamed: 45,Unnamed: 46,Unnamed: 47,Unnamed: 48,Unnamed: 49,Unnamed: 50,Unnamed: 51,Unnamed: 52,Unnamed: 53,Unnamed: 54,Unnamed: 55,Unnamed: 56,Unnamed: 57,Unnamed: 58,Unnamed: 59,Unnamed: 60,Unnamed: 61,Unnamed: 62,Unnamed: 63,Unnamed: 64,Unnamed: 65,Unnamed: 66,Unnamed: 67,Unnamed: 68,Unnamed: 69,Unnamed: 70,Unnamed: 71,Unnamed: 72,Unnamed: 73,Unnamed: 74,Unnamed: 75,Unnamed: 76,Unnamed: 77,Unnamed: 78,Unnamed: 79,Unnamed: 80,Unnamed: 81
American Tower Corp (AMT US) - By Measure,,,,,,,,,,,,,,,,,,,,,,,,,,,,,,,,,,,,,,,,,,,,,,,,,,,,,,,,,,,,,,,,,,,,,,,,,,,,,,,,,
,,,,,,,,,,,,,,,,,,,,,,,,,,,,,,,,,,,,,,,,,,,,,,,,,,,,,,,,,,,,,,,,,,,,,,,,,,,,,,,,,
In Millions of USD except Per Share,,Q3 2004,,Q4 2004,,Q1 2005,,Q2 2005,,Q3 2005,,Q4 2005,,Q1 2006,,Q2 2006,,Q3 2006,,Q4 2006,,Q1 2007,,Q2 2007,,Q3 2007,,Q4 2007,,Q1 2008,,Q2 2008,,Q3 2008,,Q4 2008,,Q1 2009,,Q2 2009,,Q3 2009,,Q4 2009,,Q1 2010,,Q2 2010,,Q3 2010,,Q4 2010,,Q1 2011,,Q2 2011,,Q3 2011,,Q4 2011,,Q1 2012,,Q2 2012,,Q3 2012,,Q4 2012,,Q1 2013,,Q2 2013,,Q3 2013,,Q4 2013,,Q1 2014,,Q2 2014,
3 Months Ending,,09/30/2004,,12/31/2004,,03/31/2005,,06/30/2005,,09/30/2005,,12/31/2005,,03/31/2006,,06/30/2006,,09/30/2006,,12/31/2006,,03/31/2007,,06/30/2007,,09/30/2007,,12/31/2007,,03/31/2008,,06/30/2008,,09/30/2008,,12/31/2008,,03/31/2009,,06/30/2009,,09/30/2009,,12/31/2009,,03/31/2010,,06/30/2010,,09/30/2010,,12/31/2010,,03/31/2011,,06/30/2011,,09/30/2011,,12/31/2011,,03/31/2012,,06/30/2012,,09/30/2012,,12/31/2012,,03/31/2013,,06/30/2013,,09/30/2013,,12/31/2013,,03/31/2014,,06/30/2014,
Revenue,,180.881,1.0,184.696,1.0,184.355,1.0,188.06,1.0,264.746,1.0,307.625,1.0,320.409,1.0,325.863,1.0,333.467,1.0,337.646,1.0,352.474,1.0,358.423,1.0,367.585,1.0,378.112,1.0,382.184,1.0,393.728,1.0,409.268,1.0,408.324,1.0,408.678,1.0,423.358,1.0,444.105,1.0,447.973,1.0,454.434,1.0,469.937,1.0,513.322,1.0,547.642,1.0,562.695,1.0,597.235,1.0,630.403,1.0,653.199,1.0,696.517,1.0,697.734,1.0,713.335,1.0,768.374,1.0,802.728,1.0,808.83,1.0,807.88,1.0,941.969,1.0,984.089,1.0,1031.457,1.0
  Rental and Management,,174.946,0.967188372465875,177.313,0.960026205223719,181.57,0.984893276558813,184.609,0.981649473572264,260.791,0.985061152954152,302.792,0.984289313287282,316.259,0.987047804524842,320.169,0.982526399130923,326.403,0.978816494585671,331.237,0.981018581591371,346.029,0.981714963373185,350.775,0.978662083627446,358.623,0.975619244528476,370.548,0.979995345294516,373.983,0.97854174952379,384.343,0.976163747561769,394.396,0.963661952559203,394.313,0.965686562631636,395.947,0.968848335364272,406.751,0.960773151800604,430.525,0.969421645781966,435.197,0.971480424043413,443.818,0.97663907190043,406.751,0.865543679259135,499.821,0.973698769972844,536.253,0.979203567293962,546.655,0.971494326411289,583.839,0.977569968270446,614.808,0.975261856304618,640.883,0.981145102794095,683.99,0.982014796480201,682.262,0.97782536038089,697.554,0.97787715449263,739.684,0.962661412280999,777.433,0.968488703520994,789.199,0.975729139621428,796.575,0.986006585136406,—,,960.12,0.975643463142053,1005.761,0.975087667251277
    Domestic,,—,,—,,—,,—,,—,,—,,—,,—,,—,,—,,—,,—,,—,,—,,—,,—,,—,,—,,—,,—,,—,,—,,—,,—,,—,,—,,417.626,0.742188930059802,424.906,0.7114552897938,436.783,0.692863136755377,464.945,0.711796864355273,487.062,0.69928228600307,473.411,0.678497822952587,480.351,0.67338767900075,499.865,0.650549081567049,515.676,0.642404400992615,521.043,0.644193464634101,529.941,0.655964994801208,—,,635.779,0.646058435771561,659.743,0.639622398219218
    International,,—,,—,,—,,—,,—,,—,,—,,—,,—,,—,,—,,—,,—,,—,,—,,—,,—,,—,,—,,—,,—,,—,,—,,—,,—,,—,,129.029,0.229305396351487,158.933,0.266114678476647,178.025,0.282398719549241,175.938,0.269348238438822,196.928,0.282732510477131,208.851,0.299327537428304,217.203,0.30448947549188,239.819,0.312112330713949,261.757,0.326084302528378,268.156,0.331535674987327,266.634,0.330041590335198,—,,324.341,0.329585027370492,346.018,0.335465269032059
  Network Development Systems,,5.935,0.0328116275341247,7.383,0.039973794776281,2.785,0.0151067234411868,3.451,0.0183505264277358,3.955,0.0149388470458477,4.833,0.0157106867127184,4.15,0.0129521954751583,5.694,0.0174736008690769,7.064,0.0211835054143289,6.409,0.0189814184086292,6.445,0.018285036626815,7.648,0.0213379163725542,8.962,0.0243807554715236,7.564,0.0200046547054841,8.201,0.0214582504762104,9.385,0.0238362524382315,14.872,0.0363380474407967,14.011,0.0343134373683643,12.731,0.0311516646357279,16.607,0.0392268481993963,13.58,0.030578354218034,12.776,0.0285195759565867,10.616,0.02336092809957,63.186,0.134456320740865,13.501,0.0263012300271564,11.389,0.0207964327060379,16.04,0.0285056735887115,13.396,0.0224300317295537,15.595,0.0247381436953822,12.316,0.0188548972059051,12.527,0.0179852035197992,15.472,0.0221746396191099,15.781,0.0221228455073703,28.69,0.0373385877190014,25.295,0.0315112964790066,19.631,0.0242708603785715,11.305,0.0139934148635936,—,,23.969,0.0243565368579468,25.696,0.0249123327487234
  Other,,—,,—,,0,,—,,—,,—,,—,,—,,—,,—,,—,,—,,—,,—,,—,,—,,—,,—,,—,,—,,—,,—,,—,,—,,—,,—,,—,,—,,—,,—,,—,,—,,—,,—,,—,,—,,—,,—,,—,,—,
  REIT,,—,,—,,—,,—,,—,,—,,—,,—,,—,,—,,—,,—,,—,,—,,—,,—,,—,,—,,—,,—,,—,,—,,—,,—,,—,,—,,—,,—,,—,,—,,—,,—,,—,,—,,—,,—,,—,,941.969,1.0,—,,—,
Percentage of Revenue,,—,,—,,—,,—,,—,,—,,—,,—,,—,,—,,—,,—,,—,,—,,—,,—,,—,,—,,—,,—,,—,,—,,—,,—,,—,,—,,—,,—,,—,,—,,—,,—,,—,,—,,—,,—,,—,,—,,—,,—,
  Network Development Systems,,—,,—,,—,,—,,—,,—,,—,,—,,—,,—,,—,,—,,—,,—,,—,,—,,—,,—,,—,,—,,—,,—,,—,,—,,—,,—,,—,,—,,—,,—,,2,,2,,2,,—,,3,,3,,1,,2,,—,,—,
  Rental and Management,,—,,—,,—,,—,,—,,—,,—,,—,,—,,—,,—,,—,,—,,—,,—,,—,,—,,—,,—,,—,,—,,—,,—,,—,,—,,—,,—,,—,,—,,—,,98,,98,,98,,—,,97,,97,,99,,98,,—,,—,
Gross Profit,,—,,—,,—,,142.955,1.0,196.215,1.0,206.988,1.0,242.295,1.0,243.71,1.0,249.489,1.0,252.562,1.0,268.689,1.0,271.965,1.0,282.392,1.0,288.133,1.0,295.167,1.0,300.438,1.0,308.997,1.0,313.3,1.0,314.472,1.0,324.37,1.0,339.096,1.0,344.011,1.0,351.464,1.0,324.37,1.0,365.192,1.0,418.24,1.0,430.866,1.0,449.748,1.0,466.731,1.0,491.774,1.0,529.536,1.0,529.378,1.0,532.457,1.0,578.129,1.0,604.943,1.0,529.378,1.0,610.942,1.0,—,,726.419,1.0,762.297,1.0
  Rental and Management,,—,,—,,—,,141.594,0.990479521527754,194.624,0.99189154753714,204.61,0.988511411289543,240.216,0.991419550547886,240.625,0.987341512453326,245.386,0.983554385163274,249.803,0.989075949667804,265.766,0.989121251707364,268.449,0.987071865865093,278.271,0.985406810391229,284.246,0.986509702116731,290.593,0.984503687742871,295.975,0.985145021601795,304.286,0.984753897287029,307.41,0.981200127673157,309.356,0.983731460988578,318.006,0.980380429756143,332.982,0.981969707693397,338.296,0.98338715913154,346.893,0.986994400564496,318.006,0.980380429756143,360.672,0.987622949024075,413.754,0.989274100994644,422.295,0.980107504421328,443.099,0.985216165497123,458.894,0.983208743366093,486.944,0.990178415288324,524.006,0.989556895093063,520.99,0.984154989440438,523.999,0.984115149204537,562.865,0.973597588081553,589.927,0.975177826671273,520.99,0.984154989440438,604.414,0.98931486131253,—,,712.252,0.980497481481074,745.582,0.978072850870461
    Domestic,,—,,—,,—,,—,,—,,—,,—,,—,,—,,—,,—,,—,,—,,—,,—,,—,,—,,—,,—,,—,,—,,—,,—,,—,,—,,—,,334.444,0.776213486327536,337.308,0.749993329597908,345.707,0.740698603692491,373.343,0.759175962942327,394.059,0.744159037345903,385.298,0.727831530588729,388.279,0.729221326792586,415.498,0.718694270655857,423.843,0.700632952195496,385.298,0.727831530588729,434.709,0.711538902219851,—,,514.27,0.707952297503232,533.403,0.69973120712793
    International,,—,,—,,—,,—,,—,,—,,—,,—,,—,,—,,—,,—,,—,,—,,—,,—,,—,,—,,—,,—,,—,,—,,—,,—,,—,,—,,87.851,0.203894018093793,105.791,0.235222835899215,113.187,0.242510139673602,113.601,0.231002452345996,129.947,0.24539785774716,135.692,0.256323458851709,135.72,0.254893822411951,147.367,0.254903317425696,166.084,0.274544874475777,135.692,0.256323458851709,169.705,0.27777595909268,—,,197.982,0.272545183977842,212.179,0.278341643742531
  Network Development Systems,,—,,—,,—,,1.361,0.00952047847224651,1.591,0.00810845246285962,2.378,0.0114885887104566,2.079,0.00858044945211416,3.085,0.0126584875466743,4.103,0.0164456148367263,2.759,0.0109240503321957,2.923,0.0108787482926357,3.516,0.0129281341349071,4.121,0.0145931896087708,3.887,0.0134902978832692,4.574,0.015496312257129,4.463,0.0148549783982053,4.711,0.0152461027129713,5.89,0.0187998723268433,5.116,0.0162685390114223,6.364,0.0196195702438573,6.114,0.0180302923066034,5.715,0.0166128408684606,4.571,0.0130055994355041,6.364,0.0196195702438573,4.52,0.012377050975925,4.486,0.0107258990053558,8.571,0.0198924955786718,6.649,0.0147838345028772,7.837,0.0167912566339069,4.83,0.0098215847116765,5.53,0.0104431049069374,8.388,0.0158450105595624,8.458,0.0158848507954633,15.264,0.0264024119184473,15.016,0.0248221733287268,8.388,0.0158450105595624,6.528,0.0106851386874695,—,,14.167,0.0195025185189264,16.715,0.0219271491295387
Gross Margin,,—,,—,,—,,—,,—,,—,,—,,—,,—,,—,,—,,—,,—,,—,,—,,—,,—,,—,,—,,—,,—,,—,,—,,—,,—,,—,,—,,—,,—,,—,,—,,—,,—,,—,,—,,—,,—,,—,,—,,—,
  Rental and Management,,—,,—,,—,,—,,—,,—,,—,,—,,—,,—,,—,,—,,—,,—,,—,,—,,—,,—,,—,,—,,—,,—,,—,,—,,—,,—,,—,,—,,—,,—,,—,,—,,—,,—,,—,,—,,—,,—,,—,,74,
    Domestic,,—,,—,,—,,—,,—,,—,,—,,—,,—,,—,,—,,—,,—,,—,,—,,—,,—,,—,,—,,—,,—,,—,,—,,—,,—,,—,,—,,—,,—,,—,,—,,—,,—,,—,,—,,—,,—,,—,,21.3,,81,
    International,,—,,—,,—,,—,,—,,—,,—,,—,,—,,—,,—,,—,,—,,—,,—,,—,,—,,—,,—,,—,,—,,—,,—,,—,,—,,—,,—,,—,,—,,—,,—,,—,,—,,—,,—,,—,,—,,—,,19.2,,61,
  Network Development Systems,,—,,—,,—,,—,,—,,—,,—,,—,,—,,—,,—,,—,,—,,—,,—,,—,,—,,—,,—,,—,,—,,—,,—,,—,,—,,—,,—,,—,,—,,—,,—,,—,,—,,—,,—,,—,,—,,—,,—,,65,
Gross Profit Growth,,—,,—,,—,,—,,—,,—,,—,,—,,—,,—,,—,,—,,—,,—,,—,,—,,—,,—,,—,,—,,—,,—,,—,,—,,—,,—,,—,,—,,—,,—,,—,,—,,—,,—,,—,,—,,—,,—,,—,,—,
  Network Development Systems,,—,,—,,—,,—,,—,,—,,—,,—,,—,,—,,—,,—,,—,,—,,—,,—,,—,,—,,—,,—,,—,,—,,—,,—,,—,,—,,—,,—,,—,,—,,-35,,26,,8,,—,,172,,46,,-23,,—,,-6,,36,
  Rental and Management,,—,,—,,—,,—,,—,,—,,—,,—,,—,,—,,—,,—,,—,,—,,—,,—,,—,,—,,—,,—,,—,,—,,—,,—,,—,,—,,—,,—,,—,,—,,24,,18,,14,,—,,13,,14,,15,,—,,21,,25,
    International,,—,,—,,—,,—,,—,,—,,—,,—,,—,,—,,—,,—,,—,,—,,—,,—,,—,,—,,—,,—,,—,,—,,—,,—,,—,,—,,—,,—,,—,,—,,48,,28,,20,,29.7,,28,,25,,25,,—,,19,,26,
    Domestic,,—,,—,,—,,—,,—,,—,,—,,—,,—,,—,,—,,—,,—,,—,,—,,—,,—,,—,,—,,—,,—,,—,,—,,—,,—,,—,,—,,—,,—,,—,,18,,14,,12,,11.3,,8,,11,,12,,—,,21,,25,
Operating Income,,-38.152,,-40.894,,-21.687,,—,,-14.391,,3.82499999999999,1.0,14.966,1.0,17.015,1.0,17.716,1.0,19.795,1.0,33.08,1.0,36.297,1.0,38.375,1.0,43.985,1.0,80.131,1.0,92.865,1.0,92.757,1.0,98.606,1.0,91.906,1.0,105.807,1.0,117.981,1.0,125.929,1.0,178.849,1.0,188.716,1.0,213.372,1.0,203.441,1.0,218.3,1.0,225.789,1.0,228.305,1.0,247.738,1.0,274.446,1.0,270.486,1.0,295.552,1.0,279.235,1.0,299.686,1.0,312.812,1.0,308.879,1.0,292.928,1.0,353.637,1.0,402.499,1.0
  Rental and Management,,118.692,-3.11102956594674,120.575,-2.94847654912701,124.888,-5.75865726010974,—,,176.683,-12.2773261065944,207.47,54.2405228758172,224.47,14.9986636375785,224.761,13.2095797825448,231.396,13.0614134116053,234.29,11.8358171255368,249.619,7.54591898428054,251.633,6.93261151059316,262.386,6.83742019543974,267.174,6.0742071160623,274.207,3.42198400119804,279.883,3.0138695956496,286.772,3.09164806968746,289.298,2.93387826298602,291.712,3.17402563488782,295.385,2.79173400625668,310.715,2.63360202066434,314.642,2.4985666526376,323.718,1.81000732461462,295.385,1.56523559210666,388.016,1.81849539770917,401.798,1.9750099537458,386.655,1.77120934493816,403.749,1.78816948567025,416.737,1.82535205098443,444.944,1.79602644729513,480.711,1.75156861459085,480.412,1.77610671162278,478.801,1.62002287245561,510.694,1.82890396977456,537.494,1.79352388833646,480.412,1.53578507218393,548.163,1.77468523272867,—,,655.627,1.85395476152099,682.797,1.69639427675597
    Domestic,,—,,—,,—,,—,,—,,—,,—,,—,,—,,—,,—,,—,,—,,—,,—,,—,,—,,—,,—,,—,,—,,—,,—,,—,,—,,—,,316.265,1.44876316994961,319.475,1.41492721080301,325.191,1.42437090733887,352.83,1.42420621785919,374.659,1.3651465133396,364.201,1.34646894848532,368.138,1.24559468384582,390.473,1.39836696689169,400.945,1.33788365155529,364.201,1.16428078206718,410.186,1.32798280232712,—,,486.861,1.37672528609846,505.09,1.25488510530461
    International,,—,,—,,—,,—,,—,,—,,—,,—,,—,,—,,—,,—,,—,,—,,—,,—,,—,,—,,—,,—,,—,,—,,—,,—,,—,,—,,70.39,0.322446174988548,84.274,0.373242274867243,91.546,0.400981143645562,92.114,0.371820229435936,106.052,0.386422101251248,116.211,0.429637763137464,110.663,0.374428188609788,120.221,0.430537002882876,136.549,0.455640236781164,116.211,0.371504290116747,137.977,0.446702430401549,—,,168.766,0.477229475422538,177.707,0.441509171451358
  Network Development Systems,,0.801,-0.0209949674984273,0.622,-0.015210055264831,0.583,-0.0268824641490294,—,,1.054,-0.0732402195816829,1.286,0.336209150326798,1.026,0.0685553922223707,2.228,0.130943285336468,3.04,0.171596297132535,0.757,0.0382419802980551,1.861,0.0562575574365176,2.775,0.0764525993883792,3.25,0.0846905537459283,2.835,0.0644537910651359,3.262,0.0407083400930976,3.583,0.0385828891401497,3.842,0.041420054551139,4.6,0.0466503052552583,3.581,0.038963723804757,4.952,0.0468021964520306,4.678,0.0396504521914545,4.282,0.0340032875668035,2.952,0.0165055437827441,4.952,0.0262404883528689,5.918,0.0277355979228765,5.714,0.0280867671708259,6.908,0.031644525881814,5.1,0.0225874599736922,5.919,0.02592584481286,2.096,0.00846055106604558,5.172,0.0188452373144444,6.463,0.0238940277870204,6.331,0.0214209343871806,12.93,0.0463050835317922,12.115,0.040425645508966,6.463,0.0206609720854699,4.648,0.0150479637657465,—,,11.637,0.0329066245896215,14.389,0.0357491571407631
  Adjustment,,50.894,-1.33397986999371,43.502,-1.06377463686604,12.952,-0.597224143496103,—,,14.435,-1.0030574664721,36.505,9.54379084967323,13.168,0.879861018308165,-4.186,-0.246018219218337,0.59,0.0333032287198013,-9.659,-0.487951502904774,-218.4,-6.60217654171705,-218.111,-6.00906410998154,-227.261,-5.92211074918566,-226.024,-5.13866090712743,-197.338,-2.46269234129114,-190.601,-2.05245248478975,-197.857,-2.1330681242386,-195.292,-1.98052856824128,-203.387,-2.21298935869258,-194.53,-1.83853620270871,-197.412,-1.6732524728558,-192.995,-1.5325699402044,-147.821,-0.826512868397363,-111.621,-0.591476080459527,-180.562,-0.846230995632042,-204.071,-1.00309672091663,-175.263,-0.802853870819972,-183.06,-0.810756945643942,-194.351,-0.851277895797289,-199.302,-0.804486998361172,-211.437,-0.770413851905293,-216.389,-0.800000739409803,-189.58,-0.641443806842789,-244.389,-0.875209053306355,-249.923,-0.833949533845425,-174.063,-0.556446044269401,-243.932,-0.78973319649442,—,,-313.627,-0.886861386110616,-294.687,-0.73214343389673
  Other,,-208.539,5.46600440343887,-205.593,5.02746124125789,-160.11,7.38276386775487,—,,-206.563,14.3536237926482,-241.436,-63.1205228758172,-223.698,-14.947080048109,-205.788,-12.094504848663,-217.31,-12.2663129374577,-205.593,-10.38610760293,—,,—,,—,,—,,—,,—,,—,,—,,—,,—,,—,,—,,—,,—,,—,,—,,—,,—,,—,,—,,—,,—,,—,,—,,—,,—,,—,,—,,—,,—,
  REIT,,—,,—,,—,,—,,—,,—,,—,,—,,—,,—,,—,,—,,—,,—,,—,,—,,—,,—,,—,,—,,—,,—,,—,,—,,—,,—,,—,,—,,—,,—,,—,,—,,—,,—,,—,,—,,—,,292.928,1.0,—,,—,
Interest Expense,,—,,—,,—,,—,,—,,—,,—,,—,,—,,—,,—,,—,,—,,—,,—,,—,,—,,—,,—,,—,,—,,—,,—,,—,,—,,—,,—,,—,,—,,—,,—,,—,,—,,—,,—,,—,,—,,139.38,1.0,—,,—,
  REIT,,—,,—,,—,,—,,—,,—,,—,,—,,—,,—,,—,,—,,—,,—,,—,,—,,—,,—,,—,,—,,—,,—,,—,,—,,—,,—,,—,,—,,—,,—,,—,,—,,—,,—,,—,,—,,—,,139.38,1.0,—,,—,
Interest Income,,—,,—,,—,,0,,0,,—,,0,,0,,0,,0,,0,,0,,0,,0,,0,,3.584,1.0,0,,0,,0,,0,,0,,0,,0,,0,,0,,0,,0,,3.59,1.0,0,,0,,0,,0,,0,,0,,0,,0,,0,,—,,0,,0,
  Rental and Management,,—,,—,,—,,3.584,1.0,3.609,1.0,—,,3.498,1.0,3.584,1.0,3.584,1.0,3.542,1.0,3.498,1.0,3.584,1.0,3.584,1.0,3.541,1.0,3.541,1.0,3.584,1.0,3.586,1.0,3.542,1.0,3.499,1.0,3.585,1.0,3.585,1.0,3.541,1.0,3.499,1.0,3.585,1.0,3.585,1.0,3.543,1.0,3.499,1.0,3.59,1.0,3.498,1.0,3.627,1.0,3.543,1.0,3.586,1.0,3.586,1.0,3.543,1.0,3.543,1.0,3.586,1.0,3.544,1.0,—,,2.595,1.0,2.662,1.0
    International,,—,,—,,—,,—,,—,,—,,—,,—,,—,,—,,—,,—,,—,,—,,—,,—,,—,,—,,—,,—,,—,,—,,—,,—,,—,,—,,3.499,1.0,3.59,1.0,3.498,1.0,3.627,1.0,3.543,1.0,3.586,1.0,3.586,1.0,3.543,1.0,3.543,1.0,3.586,1.0,3.544,1.0,—,,2.595,1.0,2.662,1.0
    Domestic,,—,,—,,—,,—,,—,,—,,—,,—,,—,,—,,—,,—,,—,,—,,—,,—,,—,,—,,—,,—,,—,,—,,—,,—,,—,,—,,0,,0,,0,,0,,0,,0,,0,,0,,0,,0,,0,,—,,0,,0,
  Network Development Systems,,—,,—,,—,,—,,—,,—,,—,,—,,—,,—,,—,,—,,—,,—,,—,,—,,—,,—,,—,,—,,—,,—,,—,,—,,0,,—,,0,,0,,0,,0,,0,,0,,0,,0,,0,,0,,0,,—,,0,,0,
  Reconciliation,,—,,—,,—,,-3.584,,-3.609,,—,,-3.498,,-3.584,,-3.584,,-3.542,,-3.498,,-3.584,,-3.584,,-3.541,,-3.541,,—,,-3.586,,-3.542,,-3.499,,-3.585,,-3.585,,-3.541,,-3.499,,-3.585,,-3.585,,-3.543,,-3.499,,—,,-3.498,,-3.627,,-3.543,,-3.586,,-3.586,,-3.543,,-3.543,,-3.586,,-3.544,,—,,-2.595,,-2.662,
Operating Margin,,—,,—,,—,,—,,—,,—,,—,,—,,—,,—,,—,,—,,—,,—,,—,,—,,—,,—,,—,,—,,—,,—,,—,,—,,—,,—,,—,,—,,—,,—,,—,,—,,—,,—,,—,,—,,—,,—,,—,,—,
  Rental and Management,,—,,—,,—,,—,,—,,—,,—,,—,,—,,—,,—,,—,,—,,—,,—,,—,,—,,—,,—,,—,,—,,—,,—,,—,,—,,—,,71,,69,,68,,69,,70,,70,,69,,69,,69,,68,,69,,—,,68,,68,
    Domestic,,—,,—,,—,,—,,—,,—,,—,,—,,—,,—,,—,,—,,—,,—,,—,,—,,—,,—,,—,,—,,—,,—,,—,,—,,—,,—,,76,,75,,74,,76,,77,,77,,77,,78,,78,,77,,77,,—,,77,,77,
    International,,—,,—,,—,,—,,—,,—,,—,,—,,—,,—,,—,,—,,—,,—,,—,,—,,—,,—,,—,,—,,—,,—,,—,,—,,—,,—,,55,,53,,51,,52,,54,,56,,51,,50,,52,,51,,52,,—,,52,,51,
  Network Development Systems,,—,,—,,—,,—,,—,,—,,—,,—,,—,,—,,—,,—,,—,,—,,—,,—,,—,,—,,—,,—,,—,,—,,—,,—,,—,,—,,43,,38,,38,,17,,41,,42,,40,,45,,48,,51,,41,,—,,49,,56,
Operating Income Growth %,,—,,—,,—,,—,,—,,—,,—,,—,,—,,—,,—,,—,,—,,—,,—,,—,,—,,—,,—,,—,,—,,—,,—,,—,,—,,—,,—,,—,,—,,—,,—,,—,,—,,—,,—,,—,,—,,—,,—,,—,
  Network Development Systems,,—,,—,,—,,—,,—,,—,,—,,—,,—,,—,,—,,—,,—,,—,,—,,—,,—,,—,,—,,—,,—,,—,,—,,—,,—,,—,,—,,—,,—,,—,,-25,,27,,7,,—,,134,,54,,-27,,—,,-4,,44,
  Rental and Management,,—,,—,,—,,—,,—,,—,,—,,—,,—,,—,,—,,—,,—,,—,,—,,—,,—,,—,,—,,—,,—,,—,,—,,—,,—,,—,,—,,—,,—,,—,,24,,19,,15,,—,,12,,12,,14,,—,,22,,27,
    International,,—,,—,,—,,—,,—,,—,,—,,—,,—,,—,,—,,—,,—,,—,,—,,—,,—,,—,,—,,—,,—,,—,,—,,—,,—,,—,,—,,—,,—,,—,,51,,38,,21,,30.5,,29,,17,,25,,—,,24,,30,
    Domestic,,—,,—,,—,,—,,—,,—,,—,,—,,—,,—,,—,,—,,—,,—,,—,,—,,—,,—,,—,,—,,—,,—,,—,,—,,—,,—,,—,,—,,—,,—,,18,,14,,13,,10.7,,7,,10,,11,,—,,21,,26,
Pretax Income,,—,,—,,—,,—,,—,,—,,—,,—,,—,,—,,—,,—,,—,,—,,—,,—,,—,,—,,—,,—,,—,,—,,—,,—,,—,,—,,—,,—,,—,,—,,—,,—,,—,,—,,—,,—,,—,,110.105,1.0,—,,—,
  REIT,,—,,—,,—,,—,,—,,—,,—,,—,,—,,—,,—,,—,,—,,—,,—,,—,,—,,—,,—,,—,,—,,—,,—,,—,,—,,—,,—,,—,,—,,—,,—,,—,,—,,—,,—,,—,,—,,110.105,1.0,—,,—,
Income Taxes,,—,,—,,—,,—,,—,,—,,—,,—,,—,,—,,—,,—,,—,,—,,—,,—,,—,,—,,—,,—,,—,,—,,—,,—,,—,,—,,—,,—,,—,,—,,—,,—,,—,,—,,—,,—,,—,,36.18,1.0,—,,—,
  REIT,,—,,—,,—,,—,,—,,—,,—,,—,,—,,—,,—,,—,,—,,—,,—,,—,,—,,—,,—,,—,,—,,—,,—,,—,,—,,—,,—,,—,,—,,—,,—,,—,,—,,—,,—,,—,,—,,36.18,1.0,—,,—,
Net Income,,—,,—,,—,,—,,—,,—,,—,,—,,—,,—,,—,,—,,—,,—,,—,,—,,—,,—,,—,,—,,—,,—,,—,,—,,—,,—,,—,,—,,—,,—,,—,,—,,—,,—,,—,,—,,—,,99.982,1.0,—,,—,
  REIT,,—,,—,,—,,—,,—,,—,,—,,—,,—,,—,,—,,—,,—,,—,,—,,—,,—,,—,,—,,—,,—,,—,,—,,—,,—,,—,,—,,—,,—,,—,,—,,—,,—,,—,,—,,—,,—,,99.982,1.0,—,,—,
Revenue Growth %,,—,,—,,—,,—,,—,,—,,—,,—,,—,,—,,—,,—,,—,,—,,—,,—,,—,,—,,—,,—,,—,,—,,—,,—,,—,,—,,—,,—,,—,,—,,—,,—,,—,,—,,—,,—,,—,,—,,—,,—,
  Network Development Systems,,—,,—,,-34,,-27,,-33,,—,,49,,65,,79,,—,,55,,34,,27,,—,,27,,23,,66,,—,,55,,77,,-9,,—,,-17,,-19,,-1,,—,,—,,—,,—,,—,,-22,,15,,1,,—,,102,,27,,-28,,—,,-5,,31,
  Rental and Management,,—,,—,,10,,10,,49,,—,,74,,73,,25,,—,,9,,10,,10,,—,,8,,10,,10,,—,,6,,6,,9,,—,,12,,12,,16,,—,,—,,—,,—,,—,,25,,17,,13,,—,,14,,16,,14,,—,,23,,27,
    International,,—,,—,,—,,—,,—,,—,,—,,—,,—,,—,,—,,—,,—,,—,,—,,—,,—,,—,,—,,—,,—,,—,,—,,—,,—,,—,,—,,—,,—,,—,,53,,31,,22,,36.3,,33,,28,,23,,—,,24,,29,
    Domestic,,—,,—,,—,,—,,—,,—,,—,,—,,—,,—,,—,,—,,—,,—,,—,,—,,—,,—,,—,,—,,—,,—,,—,,—,,—,,—,,—,,—,,—,,—,,17,,11,,10,,7.5,,6,,10,,10,,—,,23,,27,
Total Operating Expense,,64.972,1.0,67.039,1.0,62.382,1.0,48.689,1.0,72.14,1.0,85.641,1.0,81.612,1.0,85.737,1.0,87.562,1.0,88.626,1.0,87.283,1.0,90.042,1.0,88.777,1.0,93.52,1.0,90.558,1.0,96.874,1.0,103.857,1.0,98.566,1.0,97.705,1.0,102.573,1.0,108.594,1.0,107.503,1.0,106.469,1.0,112.199,1.0,122.973,1.0,132.945,1.0,135.328,1.0,151.077,1.0,167.17,1.0,165.052,1.0,170.524,1.0,171.942,1.0,184.464,1.0,193.788,1.0,201.328,1.0,171.942,1.0,200.482,1.0,—,,260.265,1.0,271.822,1.0
  Rental and Management,,59.838,0.920981345810503,60.278,0.89914825698474,60.18,0.964701356160431,46.599,0.957074493212019,69.776,0.967230385361796,83.181,0.971275440501629,79.541,0.974623829828947,83.128,0.969569730688035,84.601,0.966183961079007,84.976,0.958815697425135,83.761,0.959648499707847,85.91,0.954110304080318,83.936,0.945470110501594,89.843,0.960682207014542,86.931,0.959948320413437,91.952,0.949191733592089,93.696,0.902163551806811,90.445,0.917608505975691,90.09,0.922061306995548,92.33,0.900139412905931,101.128,0.931248503600567,100.442,0.934318112052687,100.424,0.94322290995501,105.773,0.942726762270608,115.39,0.938336057508559,126.042,0.948076272142615,127.859,0.94480816978009,144.33,0.955340654103537,159.412,0.95359215170186,157.566,0.954644596854325,163.527,0.958967652647135,164.858,0.958800060485512,177.141,0.960301196981525,180.362,0.930718104320185,191.049,0.948944011761901,164.858,0.958800060485512,195.705,0.976172424457059,—,,250.463,0.962338385875934,262.841,0.966959995879657
    International,,—,,—,,—,,—,,—,,—,,—,,—,,—,,—,,—,,—,,—,,—,,—,,—,,—,,—,,—,,—,,—,,—,,—,,—,,—,,—,,44.677,0.330138626152755,56.732,0.375517120408798,68.336,0.40878147993061,65.964,0.3996558660301,70.524,0.413572283080388,76.745,0.446342371264729,85.069,0.461168574898083,95.995,0.49536090986026,99.216,0.492807756496861,76.745,0.446342371264729,100.473,0.501157211121198,—,,128.954,0.495471922847867,136.501,0.502170538072709
    Domestic,,—,,—,,—,,—,,—,,—,,—,,—,,—,,—,,—,,—,,—,,—,,—,,—,,—,,—,,—,,—,,—,,—,,—,,—,,—,,—,,83.182,0.614669543627335,87.598,0.579823533694738,91.076,0.544810671771251,91.602,0.554988730824225,93.003,0.545395369566747,88.113,0.512457689220784,92.072,0.499132622083442,84.367,0.435357194459925,91.833,0.45613625526504,88.113,0.512457689220784,95.232,0.475015213335861,—,,121.509,0.466866463028068,126.34,0.464789457806947
  Network Development Systems,,5.134,0.079018654189497,6.761,0.10085174301526,2.202,0.0352986438395691,2.09,0.0429255067879808,2.364,0.0327696146382035,2.46,0.0287245594983711,2.071,0.0253761701710533,2.609,0.0304302693119657,2.961,0.0338160389209931,3.65,0.0411843025748652,3.522,0.0403515002921531,4.132,0.0458896959196819,4.841,0.0545298894984061,3.677,0.0393177929854577,3.627,0.0400516795865633,4.922,0.0508082664079113,10.161,0.0978364481931887,8.121,0.0823914940243086,7.615,0.0779386930044522,10.243,0.0998605870940696,7.466,0.0687514963994328,7.061,0.0656818879473131,6.045,0.0567770900449896,6.426,0.0572732377293915,7.583,0.0616639424914412,6.903,0.0519237278573846,7.469,0.0551918302199101,6.747,0.0446593458964634,7.758,0.0464078482981396,7.486,0.0453554031456753,6.997,0.0410323473528653,7.084,0.0411999395144874,7.323,0.0396988030184751,13.426,0.0692818956798151,10.279,0.051055988238099,7.084,0.0411999395144874,4.777,0.0238275755429415,—,,9.802,0.0376616141240659,8.981,0.0330400041203435
Property/Plant/Equipment,,—,,—,,—,,—,,—,,—,,—,,—,,—,,—,,—,,—,,—,,—,,—,,—,,—,,—,,—,,—,,—,,—,,—,,—,,—,,—,,—,,—,,—,,—,,—,,—,,—,,—,,—,,—,,—,,7262.175,1.0,—,,—,
  REIT,,—,,—,,—,,—,,—,,—,,—,,—,,—,,—,,—,,—,,—,,—,,—,,—,,—,,—,,—,,—,,—,,—,,—,,—,,—,,—,,—,,—,,—,,—,,—,,—,,—,,—,,—,,—,,—,,7262.175,1.0,—,,—,
Goodwill,,—,,—,,—,,—,,—,,—,,—,,—,,—,,—,,—,,—,,—,,—,,—,,—,,—,,—,,—,,—,,—,,—,,—,,—,,—,,—,,—,,—,,—,,2676.29,1.0,2767.516,1.0,2714.718,1.0,2763.706,1.0,2842.643,1.0,2898.638,1.0,2832.392,1.0,2815.271,1.0,3729.901,1.0,3737.681,1.0,3854.931,1.0
  Rental and Management,,—,,—,,—,,—,,—,,—,,—,,—,,—,,—,,—,,—,,—,,—,,—,,—,,—,,—,,—,,—,,—,,—,,—,,—,,—,,—,,—,,—,,—,,2674.29,0.999252696830314,2765.516,0.999277330284631,2712.718,0.999263275227851,2761.706,0.999276334023952,2840.643,0.999296429414457,2896.638,0.999310020775274,2830.392,0.999293883050086,2813.271,0.99928958881756,—,,3735.681,0.999464908856588,3852.943,0.999484296865495
    Domestic,,—,,—,,—,,—,,—,,—,,—,,—,,—,,—,,—,,—,,—,,—,,—,,—,,—,,—,,—,,—,,—,,—,,—,,—,,—,,—,,—,,—,,—,,2249.444,0.840508315616021,2243.95,0.810817353901477,2245.986,0.827336762050423,2245.986,0.812671825440188,2320.571,0.816342748632171,2320.777,0.800643957610436,2325.253,0.820950278068855,2325.343,0.825974835104684,—,,3132.553,0.838100683284635,3292.351,0.85406223872749
    International,,—,,—,,—,,—,,—,,—,,—,,—,,—,,—,,—,,—,,—,,—,,—,,—,,—,,—,,—,,—,,—,,—,,—,,—,,—,,—,,—,,—,,—,,424.846,0.158744381214293,521.566,0.188459976383154,466.732,0.171926513177428,515.72,0.186604508583764,520.072,0.182953680782286,575.861,0.198666063164838,505.139,0.178343604981231,487.928,0.173314753712875,—,,603.128,0.161364225571952,560.592,0.145422058138006
  Network Development Systems,,—,,—,,—,,—,,—,,—,,—,,—,,—,,—,,—,,—,,—,,—,,—,,—,,—,,—,,—,,—,,—,,—,,—,,—,,—,,—,,—,,—,,—,,2,0.000747303169686394,2,0.000722669715369306,2,0.000736724772149446,2,0.000723665976048103,2,0.000703570585543102,2,0.000689979224725544,2,0.000706116949913712,2,0.00071041118244034,—,,2,0.000535091143412185,1.988,0.000515703134504872
  REIT,,—,,—,,—,,—,,—,,—,,—,,—,,—,,—,,—,,—,,—,,—,,—,,—,,—,,—,,—,,—,,—,,—,,—,,—,,—,,—,,—,,—,,—,,—,,—,,—,,—,,—,,—,,—,,—,,3729.901,1.0,—,,—,
Assets,,5068.43,1.0,5085.972,1.0,4924.9,1.0,—,,8785.659,1.0,8786.854,1.0,—,,—,,—,,8613.219,1.0,—,,—,,—,,8130.457,1.0,—,,—,,—,,8211.665,1.0,—,,—,,—,,8512.668,1.0,—,,—,,—,,10368.014,1.0,—,,—,,—,,12242.395,1.0,—,,—,,—,,14089.429,1.0,14463.74,1.0,14339.394,1.0,18181.32,1.0,20272.571,1.0,20417.407,1.0,20847.737,1.0
  Rental and Management,,4111.062,0.811111527632817,4050.703,0.796446185704522,4000.964,0.812394972486751,—,,7887.433,0.897762250959205,7899.562,0.899020514054291,—,,—,,—,,7655.701,0.888831573886604,—,,—,,—,,7398.581,0.909983411756559,—,,—,,—,,7398.877,0.901020316829778,—,,—,,—,,7934.65,0.932099078690723,—,,—,,—,,9175.444,0.884976042663523,—,,—,,—,,11731.836,0.958295823652153,—,,—,,—,,13662.156,0.969674214618634,14042.115,0.97084951748303,14032.82,0.978620156472442,17464.734,0.960586690075308,—,,20150.407,0.98692292317041,20615.6,0.988865122387144
    Domestic,,—,,—,,—,,—,,—,,—,,—,,—,,—,,—,,—,,—,,—,,—,,—,,—,,—,,—,,—,,—,,—,,—,,—,,—,,—,,7082.728,0.683132565214514,—,,—,,—,,7789.578,0.636278930715763,—,,—,,—,,8471.169,0.601242889261162,5564.16,0.384697180673878,8618.294,0.601022191035409,12037.318,0.662070630735282,—,,6622.829,0.32437169910949,14149.22,0.678693327721853
    International,,—,,—,,—,,—,,—,,—,,—,,—,,—,,—,,—,,—,,—,,—,,—,,—,,—,,—,,—,,—,,—,,—,,—,,—,,—,,2092.716,0.201843477449008,—,,—,,—,,3942.258,0.32201689293639,—,,—,,—,,5190.987,0.368431325357472,8477.955,0.586152336809152,5414.526,0.377597965437033,5427.416,0.298516059340026,—,,13527.578,0.66255122406092,6466.38,0.310171794665291
  Other,,902.998,0.178161284658168,979.975,0.192681949487728,882.88,0.179268614591159,—,,877.285,0.099854205586627,860.576,0.0979390348354485,—,,—,,—,,936.848,0.108768626456613,—,,—,,—,,701.613,0.0862944112489618,—,,—,,—,,777.17,0.0946421949750751,—,,—,,—,,538.283,0.0632331720208048,—,,—,,—,,1155.807,0.111478148081204,—,,—,,—,,476.618,0.0389317613097764,—,,—,,—,,363.317,0.0257864956770072,354.768,0.0245280957760579,257.971,0.0179903697464481,666.613,0.0366647196133174,—,,201.583,0.00987309505070845,173.526,0.008323493336471
  Network Development Systems,,54.37,0.0107271877090144,55.294,0.0108718648077496,41.056,0.00833641292208979,—,,20.941,0.00238354345416775,26.716,0.00304045111026085,—,,—,,—,,20.67,0.00239979965678337,—,,—,,—,,30.263,0.00372217699447891,—,,—,,—,,35.618,0.00433748819514678,—,,—,,—,,39.735,0.00466774928847219,—,,—,,—,,36.763,0.003545809255273,—,,—,,—,,33.941,0.00277241503807057,—,,—,,—,,63.956,0.0045392897043592,66.857,0.0046223867409121,48.603,0.00338947378110958,49.973,0.00274859031137453,—,,65.417,0.00320398177888113,58.611,0.00281138427638453
  REIT,,—,,—,,—,,—,,—,,—,,—,,—,,—,,—,,—,,—,,—,,—,,—,,—,,—,,—,,—,,—,,—,,—,,—,,—,,—,,—,,—,,—,,—,,—,,—,,—,,—,,—,,—,,—,,—,,20272.571,1.0,—,,—,
Operating Income Change Amount,,—,,—,,—,,—,,—,,—,,—,,—,,—,,—,,—,,—,,—,,—,,24.6,1.0,—,,—,,—,,—,,—,,—,,—,,—,,—,,—,,—,,—,,—,,—,,—,,92.32,1.0,78.026,1.0,62.476,1.0,76.584,1.0,63.726,1.0,61.181,1.0,67.679,1.0,—,,117.655,1.0,149.13,1.0
  Rental and Management,,—,,—,,—,,—,,—,,—,,—,,—,,—,,—,,—,,—,,—,,—,,24.6,1.0,—,,—,,—,,—,,—,,—,,—,,—,,—,,—,,—,,—,,—,,—,,—,,94.056,1.01880415944541,76.663,0.982531463871017,62.064,0.993405467699597,65.75,0.858534419722135,56.783,0.891049179298873,57.68,0.942776352135467,69.362,1.02486738870255,—,,118.133,1.00406272576601,144.705,0.970327901830617
    Domestic,,—,,—,,—,,—,,—,,—,,—,,—,,—,,—,,—,,—,,—,,—,,—,,—,,—,,—,,—,,—,,—,,—,,—,,—,,—,,—,,—,,—,,—,,—,,58.394,0.63251733102253,44.726,0.57321918334914,42.947,0.687415967731609,37.643,0.491525645043351,26.286,0.412484700122399,37.391,0.611153789575195,42.048,0.621285775499047,—,,85.916,0.730236709022141,103.498,0.694011935894857
    International,,—,,—,,—,,—,,—,,—,,—,,—,,—,,—,,—,,—,,—,,—,,—,,—,,—,,—,,—,,—,,—,,—,,—,,—,,—,,—,,—,,—,,—,,—,,35.662,0.386286828422877,31.937,0.409312280521877,19.117,0.305989499967988,28.107,0.367008774678784,30.497,0.478564479176474,20.289,0.331622562560272,27.314,0.403581613203505,—,,32.217,0.27382601674387,41.207,0.276315965935761
  Network Development Systems,,—,,—,,—,,—,,—,,—,,—,,—,,—,,—,,—,,—,,—,,—,,—,,—,,—,,—,,—,,—,,—,,—,,—,,—,,—,,—,,—,,—,,—,,—,,-1.736,-0.0188041594454073,1.363,0.0174685361289826,0.412,0.00659453230040336,10.834,0.141465580277865,6.943,0.108950820701127,3.501,0.0572236478645331,-1.683,-0.0248673887025518,—,,-0.478,-0.00406272576601079,4.425,0.0296720981693824
Liabilities,,—,,—,,—,,—,,—,,—,,—,,—,,—,,—,,—,,—,,—,,—,,—,,—,,—,,—,,—,,—,,—,,—,,—,,—,,—,,—,,—,,—,,—,,—,,—,,—,,—,,—,,—,,—,,—,,16682.531,1.0,—,,—,
  REIT,,—,,—,,—,,—,,—,,—,,—,,—,,—,,—,,—,,—,,—,,—,,—,,—,,—,,—,,—,,—,,—,,—,,—,,—,,—,,—,,—,,—,,—,,—,,—,,—,,—,,—,,—,,—,,—,,16682.531,1.0,—,,—,
Depreciation and Amortization,,—,,—,,—,,—,,—,,—,,133.261,1.0,—,,—,,—,,130.194,1.0,131.637,1.0,131.484,1.0,129.613,1.0,97.072,1.0,99.697,1.0,204.086,1.0,104.174,1.0,99.868,1.0,102.463,1.0,105.543,1.0,106.745,1.0,110.835,1.0,110.403,1.0,115.383,1.0,124.105,1.0,—,,—,,—,,—,,—,,—,,—,,—,,—,,—,,—,,244.811,1.0,—,,—,
  Reconciliation,,—,,—,,—,,—,,—,,—,,—,,—,,—,,—,,—,,—,,—,,—,,—,,—,,99.697,,—,,—,,—,,—,,—,,-215.835,,7.94,,—,,-28.747,,—,,—,,—,,—,,—,,—,,—,,—,,—,,—,,—,,—,,—,,—,
  Other,,—,,—,,—,,—,,—,,—,,2.779,0.0208538131936576,—,,—,,—,,1.434,0.0110143324577169,1.652,0.0125496630886453,1.498,0.0113930212041009,1.69,0.0130388155509092,1.469,0.0151330970825779,1.963,0.0196896596687965,1.807,0.0173102529960053,1.608,0.0154357133257819,1.821,0.0182340689710418,1.827,0.0178308267374564,1.926,0.0182484863989085,1.862,0.0174434399737693,—,,1.827,0.0178308267374565,1.898,0.0164495636272241,152.852,1.0,—,,—,,—,,—,,—,,—,,—,,—,,—,,—,,—,,—,,—,,—,
  Rental and Management,,—,,—,,—,,—,,—,,—,,129.966,0.975274086191759,—,,—,,—,,128.244,0.985022351260427,129.447,0.98336334009435,129.436,0.984423960329774,127.359,0.982609769081805,94.962,0.978263556947421,97.123,0.974181770765419,101.927,0.976415139526195,101.962,0.978766294852842,97.381,0.975097128209236,99.944,0.975415515844744,102.964,0.975564461878097,104.25,0.976626539884772,323.718,0.99096335751676,99.944,0.975415515844744,112.828,0.97785635665566,0,,—,,—,,—,,—,,—,,—,,—,,—,,—,,—,,—,,—,,—,,—,
  Network Development Systems,,—,,—,,—,,—,,—,,—,,0.516,0.00387210061458341,—,,—,,—,,0.516,0.00396331628185631,0.538,0.00408699681700434,0.55,0.00418301846612516,0.564,0.00435141536728569,0.641,0.00660334597000165,0.611,0.00612856956578433,0.655,0.00627460747779938,0.604,0.00579799182137577,0.666,0.00666880281972203,0.692,0.0067536574177996,0.653,0.00618705172299442,0.633,0.00593002014145862,2.952,0.00903664248323997,0.692,0.0067536574177996,0.657,0.00569407971711604,0,,—,,—,,—,,—,,—,,—,,—,,—,,—,,—,,—,,—,,—,,—,
  REIT,,—,,—,,—,,—,,—,,—,,—,,—,,—,,—,,—,,—,,—,,—,,—,,—,,—,,—,,—,,—,,—,,—,,—,,—,,—,,—,,—,,—,,—,,—,,—,,—,,—,,—,,—,,—,,—,,244.811,1.0,—,,—,
Depreciation,,—,,—,,—,,—,,—,,—,,—,,—,,—,,—,,—,,—,,—,,—,,—,,—,,—,,—,,—,,—,,—,,—,,—,,—,,—,,—,,—,,—,,—,,—,,—,,—,,—,,—,,—,,—,,—,,244.811,1.0,—,,—,
  REIT,,—,,—,,—,,—,,—,,—,,—,,—,,—,,—,,—,,—,,—,,—,,—,,—,,—,,—,,—,,—,,—,,—,,—,,—,,—,,—,,—,,—,,—,,—,,—,,—,,—,,—,,—,,—,,—,,244.811,1.0,—,,—,
Capital Expenditures,,—,,—,,—,,—,,—,,—,,—,,—,,—,,—,,—,,—,,—,,—,,—,,—,,—,,—,,—,,—,,—,,—,,—,,—,,—,,—,,—,,—,,—,,—,,—,,—,,—,,—,,—,,—,,—,,0,,—,,—,
  REIT,,—,,—,,—,,—,,—,,—,,—,,—,,—,,—,,—,,—,,—,,—,,—,,—,,—,,—,,—,,—,,—,,—,,—,,—,,—,,—,,—,,—,,—,,—,,—,,—,,—,,—,,—,,—,,—,,0,,—,,—,
Rental Income,,—,,—,,—,,—,,—,,—,,—,,—,,—,,—,,—,,—,,—,,—,,—,,—,,—,,—,,—,,—,,—,,—,,—,,—,,—,,—,,—,,—,,—,,—,,—,,—,,—,,—,,—,,—,,—,,923.883,1.0,—,,—,
  REIT,,—,,—,,—,,—,,—,,—,,—,,—,,—,,—,,—,,—,,—,,—,,—,,—,,—,,—,,—,,—,,—,,—,,—,,—,,—,,—,,—,,—,,—,,—,,—,,—,,—,,—,,—,,—,,—,,923.883,1.0,—,,—,
SG&A,,—,,—,,—,,22.364,1.0,32.594,1.0,32.197,1.0,36.313,1.0,36.61,1.0,42.384,1.0,45.355,1.0,48.643,1.0,42.063,1.0,49.03,1.0,45.998,1.0,17.698,1.0,16.972,1.0,18.383,1.0,19.402,1.0,19.179,1.0,49.861,1.0,47.865,1.0,84.789,1.0,24.794,1.0,24.033,1.0,67.883,1.0,145.089,1.0,66.132,1.0,72.321,1.0,76.476,1.0,76.224,1.0,79.584,1.0,77.29,1.0,81.899,1.0,88.067,1.0,101.153,1.0,99.803,1.0,97.781,1.0,—,,110.029,1.0,98.499,1.0
  Rental and Management,,—,,—,,—,,12.789,0.571856555177965,17.941,0.550438731054795,15.682,0.487064012175047,15.746,0.433618814198772,15.864,0.433324228352909,13.99,0.330077387693469,15.513,0.342035056774336,16.147,0.331949098534219,16.816,0.399781280460262,15.885,0.323985315113196,17.072,0.371146571590069,16.386,0.925867329641767,16.092,0.948149893942965,17.514,0.952728063972148,18.112,0.93351200907123,17.644,0.919964544553939,22.621,0.453681233830048,22.267,0.465204220202653,23.654,0.278974867022845,23.175,0.934701944018714,22.621,0.941247451420963,63.5,0.935433024468571,34.311,0.236482434919256,35.64,0.538922155688623,39.35,0.544101989740186,42.157,0.551244834980909,42,0.551007556675063,43.295,0.544016385203056,40.578,0.525009703713288,45.198,0.551874870267036,52.171,0.592401239965027,52.433,0.518353385465582,56.733,0.568449846197008,56.251,0.57527536024381,—,,56.625,0.514637050232212,62.785,0.637417638757754
    International,,—,,—,,—,,—,,—,,—,,—,,—,,—,,—,,—,,—,,—,,—,,—,,—,,—,,—,,—,,—,,—,,—,,—,,—,,—,,—,,17.461,0.264032540978649,21.517,0.297520775431756,21.641,0.282977666195931,21.487,0.281892842149454,23.895,0.300248793727382,19.481,0.252050718074783,25.057,0.305950011599653,27.146,0.308242588029568,29.535,0.291983431040108,32.49,0.325541316393295,31.728,0.324480215992882,—,,29.216,0.26552999663725,34.472,0.349973096173565
    Domestic,,—,,—,,—,,—,,—,,—,,—,,—,,—,,—,,—,,—,,—,,—,,—,,—,,—,,—,,—,,—,,—,,—,,—,,—,,—,,—,,18.179,0.274889614709974,17.833,0.24658121430843,20.516,0.268267168784978,20.513,0.269114714525609,19.4,0.243767591475674,21.097,0.272958985638504,20.141,0.245924858667383,25.025,0.284158651935458,22.898,0.226369954425474,24.243,0.242908529803713,24.523,0.250795144250928,—,,27.409,0.249107053594961,28.313,0.287444542584189
  Other,,—,,—,,—,,8.334,0.372652477195493,14.116,0.433085844020372,15.428,0.479175078423456,19.514,0.537383306253959,19.889,0.543266866976236,27.331,0.644842393355983,27.84,0.613824275162606,31.434,0.646218366465884,24.506,0.582602287045622,32.274,0.65825005098919,27.874,0.605982868820384,—,,—,,—,,—,,—,,25.828,0.51800004011151,24.162,0.50479473519273,59.702,0.704124355753694,—,,—,,—,,—,,28.829,0.435931167967096,31.422,0.434479611731032,32.401,0.423675401433129,31.49,0.413124475230898,35.931,0.451485223160434,34.787,0.450084098848493,34.574,0.422154116655881,33.562,0.381096210839474,45.819,0.452967287178828,40.746,0.408264280632847,39.65,0.40549800063407,—,,50.874,0.462369011805978,33.388,0.338967908303638
  Network Development Systems,,—,,—,,—,,1.241,0.0554909676265427,0.537,0.0164754249248328,1.087,0.033760909401497,1.053,0.0289978795472696,0.857,0.023408904670855,1.063,0.0250802189505474,2.002,0.0441406680630581,1.062,0.0218325349998972,0.741,0.017616432494116,0.871,0.0177646338976137,1.052,0.0228705595895474,1.312,0.0741326703582326,0.88,0.0518501060570351,0.869,0.0472719360278518,1.29,0.0664879909287702,1.535,0.0800354554460608,1.412,0.0283187260584425,1.436,0.0300010446046171,1.433,0.0169007772234606,1.619,0.0652980559812858,1.412,0.0587525485790372,4.383,0.0645669755314291,110.778,0.763517565080744,1.663,0.0251466763442811,1.549,0.0214183985287814,1.918,0.0250797635859616,2.734,0.0358679680940386,0.358,0.00449839163650985,1.925,0.0249061974382197,2.127,0.0259710130770828,2.334,0.0265025491954989,2.901,0.02867932735559,2.324,0.0232858731701452,1.88,0.0192266391221198,—,,2.53,0.0229939379618101,2.326,0.0236144529386085
Real Estate - Number of Properties,,—,,—,,—,,—,,—,,—,,—,,—,,—,,—,,—,,—,,—,,—,,—,,—,,—,,—,,—,,—,,—,,—,,—,,—,,—,,—,,—,,—,,—,,—,,—,,—,,—,,—,,—,,—,,—,,67069,1.0,—,,—,
  REIT,,—,,—,,—,,—,,—,,—,,—,,—,,—,,—,,—,,—,,—,,—,,—,,—,,—,,—,,—,,—,,—,,—,,—,,—,,—,,—,,—,,—,,—,,—,,—,,—,,—,,—,,—,,—,,—,,67069,1.0,—,,—,
Source: Bloomberg,,,,,,,,,,,,,,,,,,,,,,,,,,,,,,,,,,,,,,,,,,,,,,,,,,,,,,,,,,,,,,,,,,,,,,,,,,,,,,,,,
