Unnamed: 0,Unnamed: 1,Unnamed: 2,Unnamed: 3,Unnamed: 4,Unnamed: 5,Unnamed: 6,Unnamed: 7,Unnamed: 8,Unnamed: 9,Unnamed: 10,Unnamed: 11,Unnamed: 12,Unnamed: 13,Unnamed: 14,Unnamed: 15,Unnamed: 16,Unnamed: 17,Unnamed: 18,Unnamed: 19,Unnamed: 20,Unnamed: 21,Unnamed: 22,Unnamed: 23,Unnamed: 24,Unnamed: 25,Unnamed: 26,Unnamed: 27,Unnamed: 28,Unnamed: 29,Unnamed: 30,Unnamed: 31,Unnamed: 32,Unnamed: 33,Unnamed: 34,Unnamed: 35,Unnamed: 36,Unnamed: 37,Unnamed: 38,Unnamed: 39,Unnamed: 40,Unnamed: 41,Unnamed: 42,Unnamed: 43,Unnamed: 44,Unnamed: 45,Unnamed: 46,Unnamed: 47,Unnamed: 48,Unnamed: 49,Unnamed: 50,Unnamed: 51,Unnamed: 52,Unnamed: 53,Unnamed: 54,Unnamed: 55,Unnamed: 56,Unnamed: 57,Unnamed: 58,Unnamed: 59,Unnamed: 60,Unnamed: 61,Unnamed: 62,Unnamed: 63,Unnamed: 64,Unnamed: 65,Unnamed: 66,Unnamed: 67,Unnamed: 68,Unnamed: 69,Unnamed: 70,Unnamed: 71,Unnamed: 72,Unnamed: 73,Unnamed: 74,Unnamed: 75,Unnamed: 76,Unnamed: 77,Unnamed: 78,Unnamed: 79,Unnamed: 80,Unnamed: 81
RTX Corp (RTX US) - By Measure,,,,,,,,,,,,,,,,,,,,,,,,,,,,,,,,,,,,,,,,,,,,,,,,,,,,,,,,,,,,,,,,,,,,,,,,,,,,,,,,,
,,,,,,,,,,,,,,,,,,,,,,,,,,,,,,,,,,,,,,,,,,,,,,,,,,,,,,,,,,,,,,,,,,,,,,,,,,,,,,,,,
In Millions of USD except Per Share,,Q4 2004,,Q1 2005,,Q2 2005,,Q3 2005,,Q4 2005,,Q1 2006,,Q2 2006,,Q3 2006,,Q4 2006,,Q1 2007,,Q2 2007,,Q3 2007,,Q4 2007,,Q1 2008,,Q2 2008,,Q3 2008,,Q4 2008,,Q1 2009,,Q2 2009,,Q3 2009,,Q4 2009,,Q1 2010,,Q2 2010,,Q3 2010,,Q4 2010,,Q1 2011,,Q2 2011,,Q3 2011,,Q4 2011,,Q1 2012,,Q2 2012,,Q3 2012,,Q4 2012,,Q1 2013,,Q2 2013,,Q3 2013,,Q4 2013,,Q1 2014,,Q2 2014,,Q3 2014,
3 Months Ending,,12/31/2004,,03/31/2005,,06/30/2005,,09/30/2005,,12/31/2005,,03/31/2006,,06/30/2006,,09/30/2006,,12/31/2006,,03/31/2007,,06/30/2007,,09/30/2007,,12/31/2007,,03/31/2008,,06/30/2008,,09/30/2008,,12/31/2008,,03/31/2009,,06/30/2009,,09/30/2009,,12/31/2009,,03/31/2010,,06/30/2010,,09/30/2010,,12/31/2010,,03/31/2011,,06/30/2011,,09/30/2011,,12/31/2011,,03/31/2012,,06/30/2012,,09/30/2012,,12/31/2012,,03/31/2013,,06/30/2013,,09/30/2013,,12/31/2013,,03/31/2014,,06/30/2014,,09/30/2014,
Revenue,,9838,1.0,9407,1.0,11152,1.0,10905,1.0,11261,1.0,10615,1.0,12264,1.0,12163,1.0,12787,1.0,12278,1.0,27808,1.0,13863,1.0,14714,1.0,13958,1.0,15944,1.0,15085,1.0,14770,1.0,12249,1.0,13196,1.0,13375,1.0,14100,1.0,12040,1.0,13802,1.0,13620,1.0,14864,1.0,13290,1.0,15094,1.0,14235,1.0,14377,1.0,12416,1.0,13807,1.0,15042,1.0,16443,1.0,14399,1.0,16006,1.0,15462,1.0,16759,1.0,14745,1.0,17191,1.0,14613,1.0
"  UTC Climate, Controls & Security",,—,,—,,—,,—,,—,,—,,—,,—,,—,,—,,—,,—,,—,,—,,—,,—,,—,,—,,—,,—,,—,,—,,—,,—,,—,,4393,0.330549285176825,5140,0.340532661984895,4921,0.333649738965354,4410,0.304642166344294,4112,0.330972311654862,4572,0.328448275862069,4259,0.280086807839011,4147,0.249924667028265,3837,0.263439752832132,4543,0.280570652173913,4237,0.270492849846782,4192,0.278057840275935,3851,0.257660912618761,4429,0.254452487647937,4351,0.294463995668652
  Pratt & Whitney,,2201,0.30960753973836,340,0.31569173630455,2273,0.20490399350942,2414,0.221366345712976,2595,0.230441346239233,2568,0.242081447963801,2727,0.223122238586156,2771,0.227038099139697,3046,0.153350450586518,2767,0.226989335520919,3108,0.222444889779559,3036,0.218181818181818,3218,0.218703275791763,3464,0.247216671424493,3569,0.223845960863021,3421,0.225406865651973,3587,0.243054614446402,3180,0.257844806616395,3111,0.234191508581752,3031,0.22567195294468,3255,0.229726868515774,2892,0.237243642329779,3298,0.236314130123244,3250,0.236329261198371,3585,0.349347105827324,3095,0.23288186606471,3452,0.228700145753279,3251,0.220421723506678,3481,0.240466979828682,3052,0.245653573728268,3447,0.247629310344828,3574,0.235038800473497,3891,0.234496474416923,3402,0.233573635427394,3624,0.223814229249012,3386,0.216164453524004,4089,0.271225789334041,3329,0.222735179981266,3592,0.206365621050213,3564,0.241201949106659
  UTC Aerospace,,—,,152,0.141132776230269,1126,0.10150545388984,1077,0.0987620357634113,1151,0.102211171299174,1164,0.10972850678733,1281,0.104810996563574,1253,0.102662843097091,1297,0.0652972864119217,1313,0.107711238720263,1404,0.100486687661036,1427,0.102551203736975,1492,0.101400027184994,1461,0.104267770482444,1650,0.103487205218264,1532,0.100942215194044,1564,0.105976419569047,1381,0.111975999351334,1402,0.105540499849443,1400,0.104236467872832,1416,0.09993648105018,1341,0.110008203445447,1387,0.0993837775867011,1419,0.103184991273997,1483,0.144513740011694,1448,0.10895410082769,1524,0.100967271763615,1531,0.103803647704929,1264,0.0873169383807682,1236,0.0994848679974243,1254,0.0900862068965517,2670,0.1755885834539,3174,0.191285481829687,3263,0.224030209406111,3321,0.20510128458498,3312,0.21144024514811,3451,0.228906871849297,3450,0.230830991569651,3636,0.208893485005171,3535,0.239239306984299
  Otis,,2345,0.329863553242369,422,0.391829155060353,2415,0.21770485892004,2362,0.216597890875745,2476,0.219873901074505,2348,0.221342383107089,2529,0.206921944035346,2565,0.210159770585825,2848,0.143382167849771,2728,0.223789991796555,2858,0.204551961064987,2936,0.21099532878189,3363,0.228557836074487,3057,0.218170139880103,3404,0.213497240341194,3245,0.213810370956052,3243,0.219745222929936,2665,0.216086921268142,2952,0.222222222222222,2962,0.220534584170948,3200,0.225845154915661,2732,0.224118129614438,2837,0.203281742619662,2914,0.211896451425247,3107,0.302767491717014,2772,0.208577878103837,3192,0.211474758182059,3262,0.221167536782155,3211,0.221815418623929,2770,0.222955569864778,3027,0.217456896551724,3054,0.200841772984348,3205,0.193153739528717,2814,0.193202883625129,3138,0.193799407114625,3188,0.203524004085802,3344,0.221809498540727,2955,0.19771176234444,3365,0.19332414110077,3326,0.22509474824039
  Other - Corporate,,—,,-81,-0.0752089136490251,0,,-59,-0.00541036221916552,0,,0,,0,,0,,0,,0,,0,,0,,0,,—,,-80,-0.00501756146512795,—,,0,,0,,0,,0,,0,,0,,0,,0,,0,,0,,0,,-93,-0.00630551223811784,0,,-92,-0.00740502253702511,0,,0,,0,,0,,0,,0,,0,,0,,0,,0,
  Reconciliation,,2729,,—,,59,,—,,—,,7,,42,,-42,,-7076,,88,,13836,,-52,,—,,—,,—,,—,,12,,-84,,-88,,-56,,-69,,-150,,-154,,-132,,4602,,—,,—,,-514,,-99,,-8,,-113,,-164,,-150,,-166,,-186,,-202,,1683,,-201,,-215,,-163,
  Sikorsky,,—,,53,0.0492107706592386,704,0.0634634454160281,639,0.0585969738651994,854,0.0758369594174585,512,0.0482654600301659,767,0.0627556864670267,867,0.0710364604670217,1084,0.0545738307405729,1006,0.082526661197703,1198,0.085742914400229,1307,0.0939274164570607,1232,0.0837297811607992,1023,0.0730088495575221,1307,0.0819744104365279,1438,0.094748632799631,1600,0.108415774495189,1334,0.108165085542853,1389,0.104561878952123,1648,0.122701213610305,1947,0.137412661443997,1366,0.112059064807219,1691,0.121166523359129,1548,0.112565445026178,2087,0.203371662443968,1582,0.119036869826938,1786,0.118325162316152,1877,0.127262865279002,2110,0.145758496822327,1346,0.108338699291693,1620,0.116379310344828,1649,0.108444035249244,2176,0.131139637196408,1249,0.0857535187092345,1566,0.0967144268774704,1541,0.0983784473953013,—,,1361,0.0910611534858825,2384,0.136964265195909,—,
  Carrier,,2563,0.360528907019271,152,0.141132776230269,3413,0.30767150455242,3351,0.307290233837689,2982,0.26480774353965,2904,0.273755656108597,3751,0.306905580101456,3607,0.295534616960262,10262,0.516638976992398,3130,0.256767842493847,4055,0.290223303750358,3738,0.268630973769314,3721,0.252888405600109,3409,0.243291464459035,4356,0.273206221776217,3917,0.258087896158661,3262,0.221032660252067,2487,0.201654098759426,3100,0.233363444745559,3007,0.22388504206686,2819,0.198955466158515,2440,0.200164068908942,3124,0.223846374319289,2964,0.215532286212914,—,,—,,—,,—,,—,,—,,—,,—,,—,,—,,—,,—,,—,,—,,—,,—,
  UTC Fire & Security,,—,,39,0.0362116991643454,1162,0.104750743712251,1121,0.102796882164145,1203,0.10682887842998,1112,0.104826546003017,1167,0.0954835542464408,1142,0.0935682097501024,1326,0.0667572874188189,1246,0.102214930270714,1349,0.0965502433438305,1471,0.105713259072943,1688,0.114720674187848,1598,0.114045104196403,1738,0.109006522829905,1624,0.107004019239639,1502,0.101775308307359,1286,0.10427308846185,1330,0.100120445648901,1383,0.102970739334376,1532,0.108123367915873,1419,0.116406890894176,1619,0.116007451991975,1657,0.120491564863293,—,,—,,—,,—,,—,,—,,—,,—,,—,,—,,—,,—,,—,,—,,—,,—,
  Adjustments,,—,,8330,,—,,0,,—,,—,,—,,—,,—,,—,,—,,—,,—,,-54,,0,,-92,,—,,—,,—,,—,,—,,—,,—,,—,,—,,—,,—,,—,,—,,—,,—,,—,,—,,—,,—,,—,,—,,—,,—,,—,
Revenue Including Intersegment Revenue,,7109,1.0,9437,1.0,11093,1.0,11023,1.0,11261,1.0,10608,1.0,12222,1.0,12205,1.0,19863,1.0,12190,1.0,13972,1.0,13915,1.0,14714,1.0,13755,1.0,15747,1.0,15177,1.0,14758,1.0,12249,1.0,13196,1.0,13375,1.0,14169,1.0,12190,1.0,13956,1.0,13752,1.0,14955,1.0,13290,1.0,15094,1.0,14842,1.0,14476,1.0,12516,1.0,13920,1.0,15206,1.0,16593,1.0,14399,1.0,16006,1.0,15462,1.0,15076,1.0,14745,1.0,17191,1.0,14548,1.0
"  UTC Climate, Controls & Security",,—,,—,,—,,—,,—,,—,,—,,—,,—,,—,,—,,—,,—,,—,,—,,—,,—,,—,,—,,—,,—,,—,,—,,—,,—,,4393,0.330549285176825,5140,0.340532661984895,4921,0.331559089071554,4410,0.304642166344294,4112,0.328539469479067,4572,0.328448275862069,4259,0.280086807839011,4147,0.249924667028265,3837,0.266476838669352,4543,0.283831063351243,4237,0.274026645970767,4192,0.278057840275935,3851,0.261173279077653,4429,0.25763480891164,4351,0.299078911190542
  Pratt & Whitney,,2201,0.30960753973836,2013,0.213309314400763,2273,0.20490399350942,2414,0.218996643382019,2595,0.230441346239233,2568,0.242081447963801,2727,0.223122238586156,2771,0.227038099139697,3046,0.153350450586518,2767,0.226989335520919,3108,0.222444889779559,3036,0.218181818181818,3218,0.218703275791763,3207,0.233151581243184,3292,0.209055693147901,3421,0.225406865651973,3587,0.243054614446402,3180,0.259613029635072,3111,0.235753258563201,3031,0.226616822429907,3255,0.229726868515774,2892,0.237243642329779,3298,0.236314130123244,3250,0.236329261198371,3585,0.239719157472417,3095,0.23288186606471,3452,0.228700145753279,3251,0.219040560571352,3481,0.240466979828682,3052,0.243847874720358,3447,0.247629310344828,3574,0.235038800473497,3891,0.234496474416923,3402,0.236266407389402,3624,0.226415094339623,3386,0.218988487905834,4089,0.271225789334041,3329,0.225771447948457,3592,0.208946541795125,3564,0.244982128127578
  UTC Aerospace,,—,,1028,0.108932923598601,1126,0.10150545388984,1077,0.0977047990565182,1151,0.102211171299174,1164,0.10972850678733,1281,0.104810996563574,1253,0.102662843097091,1297,0.0652972864119217,1313,0.107711238720263,1404,0.100486687661036,1427,0.102551203736975,1492,0.101400027184994,1461,0.106215921483097,1650,0.10478186321204,1532,0.100942215194044,1564,0.105976419569047,1381,0.112743897461017,1402,0.106244316459533,1400,0.104672897196262,1416,0.09993648105018,1341,0.110008203445447,1387,0.0993837775867011,1419,0.103184991273997,1483,0.099164159144099,1448,0.10895410082769,1524,0.100967271763615,1531,0.103153213852581,1264,0.0873169383807682,1236,0.0987535953978907,1254,0.0900862068965517,2670,0.1755885834539,3174,0.191285481829687,3263,0.22661295923328,3321,0.207484693240035,3312,0.214202561117579,3451,0.228906871849297,3450,0.233977619532045,3636,0.21150602059217,3535,0.24298872697278
  Otis,,2345,0.329863553242369,2322,0.246052771007736,2415,0.21770485892004,2362,0.214279234328223,2476,0.219873901074505,2348,0.221342383107089,2529,0.206921944035346,2565,0.210159770585825,2848,0.143382167849771,2728,0.223789991796555,2858,0.204551961064987,2936,0.21099532878189,3363,0.228557836074487,3057,0.222246455834242,3404,0.216168159014415,3245,0.213810370956052,3243,0.219745222929936,2665,0.21756878112499,2952,0.223704152773568,2962,0.221457943925234,3200,0.225845154915661,2732,0.224118129614438,2837,0.203281742619662,2914,0.211896451425247,3107,0.207756603142762,2772,0.208577878103837,3192,0.211474758182059,3262,0.219781700579437,3211,0.221815418623929,2770,0.221316714605305,3027,0.217456896551724,3054,0.200841772984348,3205,0.193153739528717,2814,0.195430238210987,3138,0.196051480694739,3188,0.206182900012935,3344,0.221809498540727,2955,0.200406917599186,3365,0.19574195800128,3326,0.228622491064064
  Other - Corporate,,—,,0,,0,,59,0.00535244488796153,0,,0,,0,,0,,0,,0,,0,,0,,0,,0,,0,,0,,0,,-84,-0.00685770266960568,-88,-0.00666868748105486,-56,-0.00418691588785047,0,,0,,0,,0,,0,,0,,0,,0,,0,,0,,0,,0,,0,,-166,-0.0115285783734982,-186,-0.0116206422591528,-202,-0.0130642866382098,0,,-201,-0.0136317395727365,-215,-0.0125065441219243,-228,-0.0156722573549629
  Sikorsky,,—,,605,0.0641093567871145,704,0.0634634454160281,639,0.0579696997187698,854,0.0758369594174585,512,0.0482654600301659,767,0.0627556864670267,867,0.0710364604670217,1084,0.0545738307405729,1006,0.082526661197703,1198,0.085742914400229,1307,0.0939274164570607,1232,0.0837297811607992,1023,0.0743729552889858,1307,0.0829999364958405,1438,0.094748632799631,1600,0.108415774495189,1334,0.108906849538738,1389,0.105259169445286,1648,0.123214953271028,1947,0.137412661443997,1366,0.112059064807219,1691,0.121166523359129,1548,0.112565445026178,2087,0.139551989301237,1582,0.119036869826938,1786,0.118325162316152,1877,0.126465435925077,2110,0.145758496822327,1346,0.107542345797379,1620,0.116379310344828,1649,0.108444035249244,2176,0.131139637196408,1249,0.0867421348704771,1566,0.0978383106335124,1541,0.0996636916310956,—,,1361,0.092302475415395,2384,0.138677214821709,—,
  Carrier,,2563,0.360528907019271,2705,0.286637702659744,3413,0.30767150455242,3351,0.304000725755239,2982,0.26480774353965,2904,0.273755656108597,3751,0.306905580101456,3607,0.295534616960262,10262,0.516638976992398,3130,0.256767842493847,4055,0.290223303750358,3738,0.268630973769314,3721,0.252888405600109,3409,0.247837150127226,4356,0.276624118879787,3917,0.258087896158661,3262,0.221032660252067,2487,0.203036982610825,3100,0.234919672628069,3007,0.224822429906542,2819,0.198955466158515,2440,0.200164068908942,3124,0.223846374319289,2964,0.215532286212914,2890,0.19324640588432,—,,—,,—,,—,,—,,—,,—,,—,,—,,—,,—,,—,,—,,—,,—,
  UTC Fire & Security,,—,,764,0.0809579315460422,1162,0.104750743712251,1121,0.101696452871269,1203,0.10682887842998,1112,0.104826546003017,1167,0.0954835542464408,1142,0.0935682097501024,1326,0.0667572874188189,1246,0.102214930270714,1349,0.0965502433438305,1471,0.105713259072943,1688,0.114720674187848,1598,0.116175936023264,1738,0.110370229250016,1624,0.107004019239639,1502,0.101775308307359,1286,0.104988162298963,1330,0.100788117611397,1383,0.103401869158879,1532,0.108123367915873,1419,0.116406890894176,1619,0.116007451991975,1657,0.120491564863293,1803,0.120561685055165,—,,—,,—,,—,,—,,—,,—,,—,,—,,—,,—,,—,,—,,—,,—,
Cost of Revenue Growth Amount,,—,,—,,—,,—,,—,,—,,—,,—,,—,,—,,—,,—,,—,,—,,—,,—,,—,,—,,—,,—,,—,,—,,—,,—,,—,,—,,—,,383,1.0,—,,—,,—,,—,,—,,—,,—,,—,,—,,—,,—,,—,
"  UTC Climate, Controls & Security",,—,,—,,—,,—,,—,,—,,—,,—,,—,,—,,—,,—,,—,,—,,—,,—,,—,,—,,—,,—,,—,,—,,—,,—,,—,,—,,—,,239,0.62402088772846,—,,—,,—,,—,,—,,—,,—,,—,,—,,—,,—,,—,
  Sikorsky,,—,,—,,—,,—,,—,,—,,—,,—,,—,,—,,—,,—,,—,,—,,—,,—,,—,,—,,—,,—,,—,,—,,—,,—,,—,,—,,—,,52,0.135770234986945,—,,—,,—,,—,,—,,—,,—,,—,,—,,—,,—,,—,
  Otis,,—,,—,,—,,—,,—,,—,,—,,—,,—,,—,,—,,—,,—,,—,,—,,—,,—,,—,,—,,—,,—,,—,,—,,—,,—,,—,,—,,53,0.138381201044386,—,,—,,—,,—,,—,,—,,—,,—,,—,,—,,—,,—,
  Collins Aerospace Systems,,—,,—,,—,,—,,—,,—,,—,,—,,—,,—,,—,,—,,—,,—,,—,,—,,—,,—,,—,,—,,—,,—,,—,,—,,—,,—,,—,,27,0.0704960835509138,—,,—,,—,,—,,—,,—,,—,,—,,—,,—,,—,,—,
  Pratt & Whitney,,—,,—,,—,,—,,—,,—,,—,,—,,—,,—,,—,,—,,—,,—,,—,,—,,—,,—,,—,,—,,—,,—,,—,,—,,—,,—,,—,,12,0.031331592689295,—,,—,,—,,—,,—,,—,,—,,—,,—,,—,,—,,—,
Operating Income,,1034,1.0,1088,1.0,1489,1.0,1384,1.0,1221,1.0,1282,1.0,1741,1.0,1647,1.0,1428,1.0,1504,1.0,1865,1.0,1888,1.0,1793,1.0,1674,1.0,2099,1.0,2049,1.0,1803,1.0,1250,1.0,1637,1.0,1771,1.0,1807,1.0,1523,1.0,1882,1.0,1928,1.0,1853,1.0,1868,1.0,2302,1.0,2370,1.0,1912,1.0,1713,1.0,2179,1.0,2041,1.0,2074,1.0,2006,1.0,2507,1.0,2366,1.0,2330,1.0,2098,1.0,2355,1.0,2612,1.0
"  UTC Climate, Controls & Security",,—,,—,,—,,—,,—,,—,,—,,—,,—,,—,,—,,—,,—,,—,,—,,—,,—,,—,,—,,—,,—,,—,,—,,—,,210,0.133248730964467,471,0.252141327623126,665,0.288879235447437,615,0.259493670886076,461,0.241108786610879,544,0.302558398220245,789,0.36076817558299,632,0.306349975763451,570,0.273119310014375,520,0.24609559867487,752,0.300439472632841,696,0.295040271301399,636,0.283422459893048,537,0.260806216610005,815,0.38698955365622,807,0.311102544333076
  Otis,,410,0.176876617773943,422,0.391829155060353,422,0.304253785147801,442,0.302532511978097,426,0.348894348894349,439,0.354890864995958,472,0.284852142426071,463,0.286509900990099,514,0.228241563055062,574,0.366305041480536,532,0.282228116710875,567,0.302077783697389,648,0.361405465699944,580,0.344622697563874,671,0.317708333333333,648,0.311239193083574,578,0.191581040768976,506,0.393162393162393,631,0.383819951338199,633,0.33868378812199,677,0.310550458715596,596,0.37650031585597,641,0.343331547937868,678,0.318758815232722,660,0.418781725888325,630,0.337259100642398,743,0.322762814943527,731,0.308438818565401,711,0.371861924686192,566,0.314794215795328,651,0.297668038408779,651,0.315559864275327,703,0.336847149017729,575,0.272124940842404,650,0.259688373951258,681,0.288681644764731,704,0.313725490196078,570,0.276833414278776,693,0.329059829059829,703,0.271010023130301
  Pratt & Whitney,,297,0.128127696289905,340,0.31569173630455,368,0.265320836337419,379,0.259411362080767,362,0.296478296478296,430,0.347615198059822,535,0.322872661436331,443,0.274133663366337,409,0.181616341030195,490,0.312699425654116,522,0.276923076923077,503,0.267980820458178,122,0.068042387060792,526,0.312537136066548,546,0.258522727272727,530,0.254562920268972,520,0.172356645674511,436,0.338772338772339,467,0.284063260340633,444,0.237560192616372,488,0.223853211009174,436,0.275426405559065,522,0.279592929833958,547,0.25716972261401,482,0.305837563451777,471,0.252141327623126,454,0.197219808861859,535,0.225738396624473,539,0.281903765690377,389,0.216351501668521,427,0.195244627343393,409,0.198254968492487,403,0.193100143747005,406,0.192143871273071,567,0.226528166200559,439,0.186095803306486,496,0.221033868092692,388,0.18844099077222,432,0.205128205128205,633,0.24402467232074
  UTC Aerospace,,610,0.263157894736842,152,0.141132776230269,170,0.122566690699351,179,0.122518822724162,174,0.142506142506143,181,0.146321746160065,212,0.127942063971032,220,0.136138613861386,219,0.097246891651865,218,0.139119336311423,246,0.130503978779841,249,0.132658497602557,254,0.141662018962632,229,0.136066547831254,280,0.132575757575758,286,0.137367915465898,304,0.100762346702022,192,0.149184149184149,187,0.11374695863747,247,0.132156233279829,231,0.105963302752294,221,0.139608338597599,204,0.109266202463846,255,0.119887165021157,238,0.151015228426396,244,0.130620985010707,267,0.115986099044309,282,0.118987341772152,289,0.151150627615063,198,0.110122358175751,211,0.0964791952446273,271,0.131362094037809,339,0.162434115955918,501,0.237103644107903,499,0.199360767079505,501,0.212378126324714,544,0.242424242424242,590,0.286546867411365,602,0.285849952516619,575,0.221665381649961
  Adjustments,,-1284,,—,,102,,-77,,—,,45,,84,,31,,-824,,-63,,-20,,11,,0,,-9,,-13,,-33,,-1214,,-37,,-7,,-98,,-373,,-60,,15,,-199,,277,,—,,—,,—,,—,,-85,,-8,,-22,,-13,,-107,,4,,7,,86,,39,,249,,18,
  Other - Corporate,,0,,-81,-0.0752089136490251,-82,-0.0591204037490988,-26,-0.0177960301163587,-240,-0.196560196560197,-85,-0.068714632174616,-79,-0.0476765238382619,-80,-0.0495049504950495,-93,-0.0412966252220249,-87,-0.0555201021059349,-92,-0.0488063660477454,-84,-0.0447522642514651,263,0.146681539319576,-97,-0.0576351752822341,-109,-0.0516098484848485,-90,-0.0432276657060519,—,,-78,-0.0606060606060606,-89,-0.0541362530413625,-73,-0.0390583199571964,240,0.110091743119266,-77,-0.0486418193303853,-170,-0.0910551687198715,-83,-0.0390220968500235,-253,-0.160532994923858,-89,-0.047644539614561,-104,-0.0451781059947871,-8,-0.00337552742616034,-295,-0.15428870292887,-35,-0.0194660734149055,-104,-0.0475537265660722,-103,-0.0499272903538536,-123,-0.0589362721609966,21,0.00993847610033128,-121,-0.048341989612465,-117,-0.049597286986011,-136,-0.0606060606060606,-112,-0.0543953375424963,-119,-0.0565052231718898,-124,-0.0478026214340786
  Sikorsky,,213,0.0918895599654875,53,0.0492107706592386,63,0.0454217736121125,64,0.0438056125941136,70,0.0573300573300573,3,0.00242522231204527,42,0.0253470126735063,70,0.0433168316831683,58,0.0257548845470693,73,0.0465858328015316,87,0.0461538461538462,103,0.054874800213106,110,0.0613496932515337,82,0.0487225193107546,111,0.0525568181818182,133,0.06388088376561,152,0.0503811733510109,116,0.0901320901320901,133,0.0809002433090024,157,0.0840021401819155,202,0.0926605504587156,145,0.0915982312065698,169,0.0905195500803428,163,0.076633756464504,239,0.151649746192893,141,0.0754817987152034,277,0.120330147697654,215,0.0907172995780591,207,0.10826359832636,136,0.0756395995550612,213,0.0973936899862826,203,0.0984003877847794,195,0.0934355534259703,90,0.0425934690014198,156,0.062325209748302,159,0.0674014412886816,—,,86,0.0417678484701311,-317,-0.150522317188984,—,
  Carrier,,752,0.3244176013805,152,0.141132776230269,393,0.283345349675559,367,0.25119780971937,342,0.28009828009828,204,0.164915117219078,410,0.247435123717562,430,0.266089108910891,1044,0.463587921847247,213,0.135928525845565,489,0.259416445623342,420,0.223761321257326,259,0.144450641383157,248,0.147355912061794,487,0.230587121212121,421,0.202209414024976,1316,0.436194895591647,22,0.0170940170940171,260,0.158150851581509,312,0.1669341894061,146,0.0669724770642202,139,0.0878079595704359,333,0.178361006963042,380,0.178655383168782,—,,—,,—,,—,,—,,—,,—,,—,,—,,—,,—,,—,,—,,—,,—,,—,
  UTC Fire & Security,,36,0.0155306298533218,39,0.0362116991643454,53,0.0382119682768565,56,0.0383299110198494,87,0.0712530712530713,65,0.0525464834276475,65,0.0392275196137598,70,0.0433168316831683,101,0.0448490230905861,86,0.0548819400127632,101,0.0535809018567639,119,0.0633990410229089,137,0.0764082543223648,115,0.0683303624480095,126,0.0596590909090909,154,0.0739673390970221,147,0.0487238979118329,93,0.0722610722610723,55,0.0334549878345499,149,0.0797217763509898,196,0.0899082568807339,123,0.0777005685407454,168,0.0899839314408141,187,0.0879172543488481,—,,—,,—,,—,,—,,—,,—,,—,,—,,—,,—,,—,,—,,—,,—,,—,
  Reconciliation,,—,,11,,—,,—,,—,,—,,—,,—,,—,,—,,—,,—,,—,,—,,—,,—,,—,,—,,—,,—,,—,,—,,—,,—,,—,,—,,—,,—,,—,,—,,—,,—,,—,,—,,—,,—,,—,,—,,—,,—,
Operating Margin,,—,,—,,—,,—,,—,,—,,—,,—,,—,,—,,—,,—,,—,,—,,—,,—,,—,,—,,—,,—,,—,,—,,—,,—,,—,,—,,—,,—,,—,,—,,—,,—,,—,,—,,—,,—,,—,,—,,—,,—,
  Otis,,15.8,,18.2,,17.5,,18.7,,17.9,,18.7,,18.7,,18.1,,18.3,,21,,18.6,,19.3,,19.3,,19,,19.7,,20,,17.8,,19,,21.4,,21.4,,21.2,,21.8,,22.6,,23.3,,21.2,,22.7,,23.3,,22.4,,22.1,,20.4,,21.5,,21.3,,20.1,,20.4,,20.7,,21.4,,20.5,,19.3,,20.6,,21.1,
"  UTC Climate, Controls & Security",,—,,—,,—,,—,,—,,—,,—,,—,,—,,—,,—,,—,,—,,—,,—,,—,,—,,—,,—,,—,,—,,—,,—,,—,,9.3,,10.7,,12.9,,12.5,,10.5,,13.2,,17.3,,14.8,,11.1,,13.6,,16.6,,16.4,,14.8,,13.9,,18.4,,18.5,
  Pratt & Whitney,,13.1,,16.9,,16.2,,15.7,,15.6,,16.7,,19.6,,16,,16.4,,17.7,,16.8,,16.6,,15.4,,16.4,,15.3,,15.5,,14.5,,13.7,,15,,14.6,,15,,15.1,,15.8,,16.8,,13.4,,15.2,,13.2,,16.5,,14.8,,12.7,,12.4,,11.4,,9.4,,11.9,,15.6,,13,,11.3,,11.7,,12,,17.8,
  UTC Aerospace,,14.9,,14.8,,15.1,,16.6,,15.4,,15.5,,16.5,,17.6,,16.7,,16.6,,17.5,,17.4,,17,,15.7,,17,,18.7,,19.4,,13.9,,13.3,,17.6,,16.3,,16.5,,14.7,,18,,16,,16.9,,17.7,,18.4,,17.5,,16,,16.8,,10.1,,8.3,,15.4,,15,,15.1,,15,,17.1,,16.6,,16.3,
  Sikorsky,,8,,8.8,,8.9,,10,,8.9,,0.6,,5.5,,8.1,,5.4,,7.3,,7.3,,7.9,,8.6,,8,,8.5,,9.2,,9.5,,8.7,,9.6,,9.5,,10.4,,10.6,,10,,10.5,,11.5,,8.9,,15.5,,11.5,,9.8,,10.1,,13.1,,12.3,,7.4,,7.2,,10,,10.3,,—,,6.3,,-13.3,,—,
  Carrier,,7.8,,5.6,,11.5,,11,,8.8,,7,,10.9,,11.9,,9.2,,6.8,,12.1,,11.2,,11.2,,7.3,,11.2,,10.7,,4.9,,0.9,,8.4,,10.4,,6.5,,5.7,,10.7,,12.8,,—,,—,,—,,—,,—,,—,,—,,—,,—,,—,,—,,—,,—,,—,,—,,—,
  UTC Fire & Security,,4.5,,5.1,,4.6,,5,,5.5,,5.8,,5.6,,6.1,,6.3,,6.9,,7.5,,8.1,,8.1,,7.2,,7.2,,9.5,,9.8,,7.2,,4.1,,10.8,,12.8,,8.7,,10.4,,11.3,,—,,—,,—,,—,,—,,—,,—,,—,,—,,—,,—,,—,,—,,—,,—,,—,
Operating Income Growth %,,—,,—,,—,,—,,—,,—,,—,,—,,—,,—,,—,,—,,—,,—,,—,,—,,—,,—,,—,,—,,—,,—,,—,,—,,—,,—,,—,,—,,—,,—,,—,,—,,—,,—,,—,,—,,—,,—,,—,,—,
  UTC Aerospace,,—,,16,,21,,12,,49,,19,,25,,23,,23,,20,,16,,13,,49,,5,,14,,15,,14,,16,,13.3,,18.6,,-22,,6,,9,,3,,22,,10,,31,,11,,16,,16,,16,,-5,,24,,153,,15,,—,,114,,17,,13,,14,
"  UTC Climate, Controls & Security",,—,,—,,—,,—,,—,,—,,—,,—,,—,,—,,—,,—,,—,,—,,—,,—,,—,,—,,—,,—,,—,,—,,—,,—,,44,,—,,—,,11,,25,,-4,,8,,9,,10,,-4,,16.6,,12,,7,,17,,8,,12,
  Otis,,—,,40,,23,,15,,78,,4,,12,,5,,10,,31,,13,,22,,66,,—,,26,,14,,7,,13,,21.4,,23.1,,-1,,15,,2,,7,,5,,6,,16,,8,,9,,-6,,-3,,-2,,-11,,2,,20.7,,1,,3,,3,,4,,3,
  Other - Corporate,,—,,—,,—,,—,,—,,—,,—,,—,,—,,—,,—,,—,,—,,—,,—,,—,,—,,—,,—,,—,,—,,—,,—,,—,,—,,—,,—,,4,,—,,—,,—,,—,,—,,—,,—,,—,,—,,—,,—,,-11,
  Pratt & Whitney,,—,,65,,25,,26,,116,,26,,45,,17,,25,,14,,2,,14,,30,,7,,5,,5,,6,,17,,15,,16.5,,-14,,-8,,12,,23,,8,,8,,-13,,2,,-1,,3,,-14,,-15,,-15,,4,,15.6,,21,,18,,4,,2,,-12,
  Sikorsky,,—,,15,,26,,19,,60,,94,,33,,9,,-31,,—,,107,,47,,154,,2,,28,,29,,28,,41,,9.6,,9.5,,27,,25,,27,,4,,18,,-3,,64,,32,,17,,-2,,-3,,-6,,-15,,-34,,10,,-22,,—,,9,,-10,,—,
  Carrier,,—,,145,,11,,22,,33,,34,,4,,17,,12,,-4,,19,,2,,12,,16,,—,,—,,5,,91,,8.4,,10.1,,0,,149,,9,,22,,—,,123,,—,,—,,—,,—,,—,,—,,—,,—,,—,,—,,—,,—,,—,,—,
  UTC Fire & Security,,—,,26,,64,,70,,160,,67,,23,,25,,28,,32,,55,,70,,157,,34,,25,,29,,22,,19,,4.1,,11.3,,-9,,24,,205,,26,,—,,32,,—,,—,,—,,—,,—,,—,,—,,—,,—,,—,,—,,—,,—,,—,
Revenue Growth %,,—,,—,,—,,—,,—,,—,,—,,—,,—,,—,,—,,—,,—,,—,,—,,—,,—,,—,,—,,—,,—,,—,,—,,—,,—,,—,,—,,—,,—,,—,,—,,—,,—,,—,,—,,—,,—,,—,,—,,—,
  UTC Aerospace,,—,,11,,20,,10,,41,,13,,14,,16,,46,,13,,10,,14,,15,,11,,18,,7,,5,,5,,-15,,-9,,-8,,-3,,-1,,1,,6,,9,,11,,8,,11,,9,,7,,125,,—,,164,,165,,24,,9,,6,,9,,7,
  Pratt & Whitney,,—,,4,,9,,15,,28,,28,,20,,15,,50,,8,,14,,10,,5.6,,16,,6,,4,,3,,8,,-13,,-11,,-9,,-9,,6,,7,,12,,9,,5,,1,,1,,6,,5,,16,,12,,11,,5,,-5,,5,,-2,,-1,,5,
  Otis,,—,,10,,10,,6,,26,,1,,5,,9,,23,,16,,13,,14,,18.1,,12,,19,,11,,-4,,13,,-13,,-9,,-1,,3,,-4,,-2,,-3,,2,,12,,12,,3,,0,,-5,,-6,,0,,2,,4,,4,,4,,5,,7,,4,
"  UTC Climate, Controls & Security",,—,,—,,—,,—,,—,,—,,—,,—,,—,,—,,—,,—,,—,,—,,—,,—,,—,,—,,—,,—,,—,,—,,—,,—,,3,,12,,38,,5,,—,,-6,,-11,,-13,,—,,-7,,-1,,-1,,1,,0,,-3,,3,
  Sikorsky,,—,,8,,13,,6,,27,,15,,9,,36,,81,,96,,56,,51,,17.9,,2,,9,,10,,25,,30,,6,,15,,22,,2,,22,,-6,,7,,16,,6,,21,,1,,-15,,-9,,-12,,3,,-7,,-3,,-7,,—,,9,,52,,—,
  Other - Corporate,,—,,—,,—,,—,,—,,—,,—,,—,,—,,—,,—,,—,,—,,—,,—,,—,,—,,—,,—,,—,,—,,—,,—,,—,,—,,—,,23,,—,,—,,—,,—,,—,,—,,—,,—,,—,,—,,—,,—,,—,
  Carrier,,—,,21,,11,,25,,18,,7,,0,,8,,8,,8,,8,,4,,9,,9,,7,,5,,4.4,,27,,-29,,-23,,0,,-2,,1,,-1,,—,,—,,—,,—,,—,,—,,—,,—,,—,,—,,—,,—,,—,,—,,—,,—,
  UTC Fire & Security,,—,,9,,66,,61,,136,,46,,0,,2,,4,,12,,16,,29,,27.3,,28,,29,,10,,-11,,20,,-23,,-15,,2,,10,,22,,20,,—,,—,,—,,—,,—,,—,,—,,—,,—,,—,,—,,—,,—,,—,,—,,—,
Organic Growth,,—,,—,,—,,—,,—,,—,,—,,—,,—,,—,,—,,—,,—,,—,,—,,—,,—,,—,,—,,—,,—,,—,,—,,—,,—,,—,,—,,—,,—,,—,,—,,—,,—,,—,,—,,—,,—,,—,,—,,—,
  UTC Aerospace,,—,,—,,—,,—,,—,,12,,16,,0,,42,,11,,7,,10,,28,,7,,14,,7,,9,,0,,-9,,-9,,-7,,-5,,-1,,4,,7,,9,,8,,7,,12,,10,,9,,6,,4,,0,,1,,2,,9,,6,,9,,6,
  Otis,,—,,—,,—,,—,,—,,4,,4,,6,,14,,7,,8,,9,,24,,7,,10,,5,,7,,-3,,-6,,-5,,-6,,-4,,-4,,-1,,-2,,-1,,3,,4,,3,,1,,-1,,-1,,1,,2,,4,,4,,4,,6,,7,,5,
  Pratt & Whitney,,—,,—,,—,,—,,—,,23,,14,,0,,47,,—,,13,,10,,23,,16,,6,,3,,7,,-8,,-13,,-9,,-8,,-9,,1,,4,,12,,10,,5,,1,,1,,6,,5,,-1,,-4,,-2,,-5,,0,,13,,4,,1,,5,
"  UTC Climate, Controls & Security",,—,,—,,—,,—,,—,,—,,—,,—,,—,,—,,—,,—,,—,,—,,—,,—,,—,,—,,—,,—,,—,,—,,—,,—,,9,,—,,11,,0,,—,,1,,0,,-2,,0,,-3,,1,,2,,4,,3,,-1,,4,
  Sikorsky,,—,,—,,—,,—,,—,,15,,5,,0,,50,,—,,56,,51,,107,,1,,9,,10,,12,,30,,6,,15,,18,,2,,22,,-6,,7,,15,,5,,21,,1,,-15,,-9,,-12,,3,,-7,,-3,,-7,,—,,9,,-1,,—,
  Carrier,,—,,—,,—,,—,,—,,—,,—,,2,,—,,4,,—,,—,,—,,—,,—,,—,,—,,—,,—,,-14,,-16,,2,,7,,7,,—,,18,,—,,—,,—,,—,,—,,—,,—,,—,,—,,—,,—,,—,,—,,—,
  UTC Fire & Security,,—,,—,,—,,—,,—,,3,,0,,1,,3,,3,,2,,4,,9,,0,,4,,5,,3,,-2,,-8,,-9,,-7,,-8,,-4,,-1,,—,,3,,—,,—,,—,,—,,—,,—,,—,,—,,—,,—,,—,,—,,—,,—,
Restructuring Charges,,158,1.0,—,,—,,164,1.0,—,,31,1.0,82,1.0,93,1.0,98,1.0,35,1.0,25,1.0,43,1.0,86,1.0,34,1.0,94,1.0,93,1.0,357,1.0,160,1.0,298,1.0,172,1.0,830,1.0,67,1.0,85,1.0,57,1.0,220,1.0,31,1.0,72,1.0,80,1.0,79,1.0,111,1.0,95,1.0,128,1.0,253,1.0,52,1.0,190,1.0,103,1.0,136,1.0,125,1.0,55,1.0,63,1.0
  UTC Aerospace,,36,0.227848101265823,—,,—,,42,0.25609756097561,—,,8,0.258064516129032,9,0.109756097560976,12,0.129032258064516,11,0.112244897959184,6,0.171428571428571,6,0.24,8,0.186046511627907,3,0.0348837209302326,1,0.0294117647058823,0,,2,0.021505376344086,16,0.0448179271708683,19,0.11875,37,0.124161073825503,13,0.0755813953488372,88,0.106024096385542,2,0.0298507462686567,7,0.0823529411764706,2,0.0350877192982456,26,0.118181818181818,3,0.0967741935483871,3,0.0416666666666667,1,0.0125,6,0.0759493670886076,2,0.018018018018018,3,0.0315789473684211,35,0.2734375,75,0.296442687747036,8,0.153846153846154,33,0.173684210526316,24,0.233009708737864,27,0.198529411764706,6,0.048,4,0.0727272727272727,26,0.412698412698413
  Otis,,27,0.170886075949367,—,,—,,30,0.182926829268293,—,,2,0.0645161290322581,6,0.0731707317073171,32,0.344086021505376,6,0.0612244897959184,-2,-0.0571428571428571,7,0.28,6,0.13953488372093,10,0.116279069767442,2,0.0588235294117647,4,0.0425531914893617,5,0.053763440860215,21,0.0588235294117647,22,0.1375,57,0.191275167785235,52,0.302325581395349,158,0.190361445783133,11,0.164179104477612,17,0.2,12,0.210526315789474,43,0.195454545454545,2,0.0645161290322581,4,0.0555555555555556,41,0.5125,26,0.329113924050633,28,0.252252252252252,35,0.368421052631579,42,0.328125,59,0.233201581027668,10,0.192307692307692,39,0.205263157894737,19,0.184466019417476,20,0.147058823529412,17,0.136,21,0.381818181818182,15,0.238095238095238
"  UTC Climate, Controls & Security",,—,,—,,—,,—,,—,,—,,—,,—,,—,,—,,—,,—,,—,,—,,—,,—,,—,,—,,—,,—,,—,,—,,—,,—,,43,0.195454545454545,21,0.67741935483871,24,0.333333333333333,20,0.25,-9,-0.113924050632911,35,0.315315315315315,37,0.389473684210526,26,0.203125,45,0.177865612648221,22,0.423076923076923,16,0.0842105263157895,28,0.271844660194175,31,0.227941176470588,43,0.344,25,0.454545454545455,14,0.222222222222222
  Pratt & Whitney,,55,0.348101265822785,—,,—,,16,0.0975609756097561,—,,12,0.387096774193548,11,0.134146341463415,13,0.139784946236559,17,0.173469387755102,20,0.571428571428571,7,0.28,12,0.27906976744186,14,0.162790697674419,14,0.411764705882353,17,0.180851063829787,52,0.559139784946237,116,0.324929971988795,64,0.4,56,0.187919463087248,57,0.331395348837209,190,0.228915662650602,26,0.388059701492537,9,0.105882352941176,13,0.228070175438596,90,0.409090909090909,4,0.129032258064516,38,0.527777777777778,5,0.0625,19,0.240506329113924,37,0.333333333333333,17,0.178947368421053,3,0.0234375,39,0.154150197628458,7,0.134615384615385,93,0.489473684210526,22,0.213592233009709,32,0.235294117647059,42,0.336,5,0.0909090909090909,8,0.126984126984127
  Other - Corporate,,—,,—,,—,,—,,—,,—,,—,,—,,—,,—,,—,,—,,—,,—,,—,,—,,1,0.00280112044817927,—,,—,,—,,65,0.0783132530120482,0,,11,0.129411764705882,0,,18,0.0818181818181818,0,,1,0.0138888888888889,0,,0,,6,0.0540540540540541,—,,10,0.078125,—,,0,,0,,-1,-0.00970873786407767,26,0.191176470588235,0,,0,,0,
  Sikorsky,,1,0.00632911392405063,—,,—,,3,0.0182926829268293,—,,—,,19,0.231707317073171,0,,21,0.214285714285714,-3,-0.0857142857142857,0,,0,,0,,0,,0,,—,,0,,0,,7,0.023489932885906,—,,7,0.00843373493975904,0,,7,0.0823529411764706,7,0.12280701754386,0,,1,0.032258064516129,2,0.0277777777777778,13,0.1625,37,0.468354430379747,3,0.027027027027027,3,0.0315789473684211,12,0.09375,35,0.138339920948617,5,0.0961538461538462,9,0.0473684210526316,11,0.106796116504854,—,,17,0.136,0,,—,
  Carrier,,39,0.246835443037975,—,,—,,62,0.378048780487805,—,,7,0.225806451612903,25,0.304878048780488,27,0.290322580645161,10,0.102040816326531,12,0.342857142857143,1,0.04,15,0.348837209302326,28,0.325581395348837,11,0.323529411764706,46,0.48936170212766,34,0.365591397849462,140,0.392156862745098,41,0.25625,55,0.184563758389262,43,0.25,210,0.253012048192771,18,0.26865671641791,15,0.176470588235294,-1,-0.0175438596491228,—,,—,,—,,—,,—,,—,,—,,—,,—,,—,,—,,—,,—,,—,,—,,—,
  UTC Fire & Security,,0,,—,,—,,11,0.0670731707317073,—,,2,0.0645161290322581,12,0.146341463414634,9,0.0967741935483871,33,0.336734693877551,2,0.0571428571428571,4,0.16,2,0.0465116279069767,31,0.36046511627907,6,0.176470588235294,27,0.287234042553192,0,,63,0.176470588235294,14,0.0875,86,0.288590604026846,7,0.0406976744186047,112,0.134939759036145,10,0.149253731343284,19,0.223529411764706,24,0.421052631578947,—,,—,,—,,—,,—,,—,,—,,—,,—,,—,,—,,—,,—,,—,,—,,—,
Adjusted Revenue,,—,,—,,—,,—,,—,,—,,—,,—,,—,,—,,—,,—,,—,,—,,—,,15140,1.0,11751,1.0,12333,1.0,13156,1.0,13378,1.0,14165,1.0,12191,1.0,13945,1.0,13728,1.0,13152,1.0,13212,1.0,15094,1.0,14842,1.0,10600,1.0,12424,1.0,13807,1.0,15042,1.0,16593,1.0,14565,1.0,16006,1.0,15462,1.0,15076,1.0,14745,1.0,16361,1.0,14548,1.0
"  UTC Climate, Controls & Security",,—,,—,,—,,—,,—,,—,,—,,—,,—,,—,,—,,—,,—,,—,,—,,—,,—,,—,,—,,—,,—,,—,,—,,—,,2890,0.219738442822384,4393,0.332500756887678,5140,0.340532661984895,4921,0.331559089071554,—,,4112,0.330972311654862,4572,0.331136380097052,4259,0.283140539821832,4147,0.249924667028265,3837,0.263439752832132,4543,0.283831063351243,4237,0.274026645970767,4192,0.278057840275935,3851,0.261173279077653,4429,0.270704724650082,4351,0.299078911190542
  Pratt & Whitney,,—,,—,,—,,—,,—,,—,,—,,—,,—,,—,,—,,—,,—,,—,,—,,3384,0.223513870541612,3587,0.305250616968769,3180,0.257844806616395,3111,0.236470051687443,3031,0.226566003886979,3255,0.22979174020473,2892,0.237224181773439,3298,0.236500537827178,3250,0.236742424242424,3585,0.272582116788321,3095,0.234256736300333,3452,0.228700145753279,3251,0.219040560571352,3632,0.342641509433962,3052,0.245653573728268,3447,0.249655971608604,3574,0.237601382794841,3891,0.234496474416923,3402,0.233573635427394,3624,0.226415094339623,3386,0.218988487905834,4089,0.271225789334041,3329,0.225771447948457,3592,0.219546482488845,3564,0.244982128127578
  UTC Aerospace,,—,,—,,—,,—,,—,,—,,—,,—,,—,,—,,—,,—,,—,,—,,—,,1532,0.101188903566711,1819,0.154795336567101,1381,0.111975999351334,1402,0.10656734569778,1400,0.104649424428166,1416,0.0999647017296152,1341,0.109999179722746,1387,0.0994621728217999,1419,0.103365384615385,1483,0.112758515815085,1448,0.109597335755374,1524,0.100967271763615,1531,0.103153213852581,1647,0.155377358490566,1236,0.0994848679974243,1254,0.0908234953284566,2670,0.177502991623454,3174,0.191285481829687,3263,0.224030209406111,3321,0.207484693240035,3312,0.214202561117579,3451,0.228906871849297,3450,0.233977619532045,3636,0.222235804657417,3535,0.24298872697278
  Otis,,—,,—,,—,,—,,—,,—,,—,,—,,—,,—,,—,,—,,—,,—,,—,,3245,0.214332892998679,3243,0.275976512637222,2665,0.216086921268142,2900,0.220431742170873,2962,0.221408282254448,3200,0.225908930462407,2732,0.224099745714051,2837,0.20344209394048,2914,0.2122668997669,3107,0.236237834549878,2772,0.209809264305177,3192,0.211474758182059,3262,0.219781700579437,3211,0.302924528301887,2770,0.222955569864778,3027,0.21923661910625,3054,0.203031511767052,3205,0.193153739528717,2814,0.193202883625129,3138,0.196051480694739,3188,0.206182900012935,3344,0.221809498540727,2955,0.200406917599186,3365,0.205672024937351,3326,0.228622491064064
  Other - Corporate,,—,,—,,—,,—,,—,,—,,—,,—,,—,,—,,—,,—,,—,,—,,—,,—,,—,,—,,-88,-0.00668896321070234,—,,—,,—,,—,,—,,—,,-78,-0.00590372388737511,—,,—,,—,,-92,-0.00740502253702511,-113,-0.00818425436372854,-164,-0.0109028054779949,—,,—,,-186,-0.0116206422591528,-202,-0.0130642866382098,—,,-201,-0.0136317395727365,-215,-0.0131410060509749,-228,-0.0156722573549629
  Sikorsky,,—,,—,,—,,—,,—,,—,,—,,—,,—,,—,,—,,—,,—,,—,,—,,1438,0.0949801849405548,1600,0.13615862479789,1334,0.108165085542853,1389,0.10557920340529,1648,0.123187322469726,1947,0.137451464878221,1366,0.112049872857026,1691,0.12126210111151,1548,0.112762237762238,2087,0.158683090024331,1582,0.119739630638813,1786,0.118325162316152,1877,0.126465435925077,2110,0.199056603773585,1346,0.108338699291693,1620,0.117331788223365,1649,0.109626379470815,2176,0.131139637196408,1249,0.0857535187092345,1566,0.0978383106335124,1541,0.0996636916310956,—,,1361,0.092302475415395,1554,0.0949819693172789,—,
  Carrier,,—,,—,,—,,—,,—,,—,,—,,—,,—,,—,,—,,—,,—,,—,,—,,3917,0.258718626155878,—,,2487,0.201654098759426,3112,0.236546062633019,2954,0.220810285543429,2815,0.198729262266149,2441,0.200229677631039,3113,0.223234134098243,2940,0.214160839160839,—,,—,,—,,—,,—,,—,,—,,—,,—,,—,,—,,—,,—,,—,,—,,—,
  UTC Fire & Security,,—,,—,,—,,—,,—,,—,,—,,—,,—,,—,,—,,—,,—,,—,,—,,1624,0.107265521796565,1502,0.127818909029019,1286,0.10427308846185,1330,0.101094557616297,1383,0.103378681417252,1532,0.108153900458878,1419,0.116397342301698,1619,0.116098960200789,1657,0.120702214452214,—,,—,,—,,—,,—,,—,,—,,—,,—,,—,,—,,—,,—,,—,,—,,—,
Adjusted Revenue Including Intersegment,,—,,—,,—,,—,,—,,—,,—,,—,,—,,—,,—,,—,,—,,—,,—,,—,,—,,—,,—,,—,,—,,—,,—,,—,,—,,—,,—,,—,,—,,—,,—,,2181,1.0,—,,1999,1.0,2500,1.0,2488,1.0,—,,2184,1.0,2709,1.0,2544,1.0
"  UTC Climate, Controls & Security",,—,,—,,—,,—,,—,,—,,—,,—,,—,,—,,—,,—,,—,,—,,—,,—,,—,,—,,—,,—,,—,,—,,—,,—,,—,,—,,—,,—,,—,,—,,—,,658,0.301696469509399,—,,504,0.252126063031516,768,0.3072,724,0.290996784565916,—,,580,0.265567765567766,840,0.310077519379845,791,0.310927672955975
  Otis,,—,,—,,—,,—,,—,,—,,—,,—,,—,,—,,—,,—,,—,,—,,—,,—,,—,,—,,—,,—,,—,,—,,—,,—,,—,,—,,—,,—,,—,,—,,—,,693,0.317744154057772,—,,585,0.292646323161581,689,0.2756,700,0.281350482315113,—,,587,0.268772893772894,714,0.263565891472868,718,0.282232704402516
  UTC Aerospace,,—,,—,,—,,—,,—,,—,,—,,—,,—,,—,,—,,—,,—,,—,,—,,—,,—,,—,,—,,—,,—,,—,,—,,—,,—,,—,,—,,—,,—,,—,,—,,306,0.140302613480055,—,,509,0.254627313656828,532,0.2128,525,0.211012861736334,—,,596,0.272893772893773,606,0.223698781838317,601,0.23624213836478
  Pratt & Whitney,,—,,—,,—,,—,,—,,—,,—,,—,,—,,—,,—,,—,,—,,—,,—,,—,,—,,—,,—,,—,,—,,—,,—,,—,,—,,—,,—,,—,,—,,—,,—,,412,0.188904172397983,—,,413,0.206603301650825,467,0.1868,486,0.195337620578778,—,,430,0.196886446886447,519,0.191583610188261,558,0.219339622641509
  Other - Corporate,,—,,—,,—,,—,,—,,—,,—,,—,,—,,—,,—,,—,,—,,—,,—,,—,,—,,—,,—,,—,,—,,—,,—,,—,,—,,—,,—,,—,,—,,—,,—,,-103,-0.0472260430994956,—,,-107,-0.0535267633816908,-121,-0.0484,-117,-0.0470257234726688,—,,-112,-0.0512820512820513,-119,-0.0439276485788114,-124,-0.0487421383647799
  Sikorsky,,—,,—,,—,,—,,—,,—,,—,,—,,—,,—,,—,,—,,—,,—,,—,,—,,—,,—,,—,,—,,—,,—,,—,,—,,—,,—,,—,,—,,—,,—,,—,,215,0.098578633654287,—,,95,0.0475237618809405,165,0.066,170,0.0683279742765273,—,,103,0.0471611721611722,149,0.0550018456995201,—,
Adjusted Operating Income,,—,,—,,—,,—,,—,,—,,—,,—,,—,,—,,—,,—,,—,,—,,—,,—,,—,,1525,1.0,1979,1.0,2057,1.0,2048,1.0,1727,1.0,2186,1.0,2243,1.0,2274,1.0,1988,1.0,2896,1.0,2086,1.0,1976,1.0,1807,1.0,4102,1.0,2181,1.0,2197,1.0,2127,1.0,2625,1.0,2605,1.0,2244,1.0,2184,1.0,2857,1.0,2544,1.0
"  UTC Climate, Controls & Security",,—,,—,,—,,—,,—,,—,,—,,—,,—,,—,,—,,—,,—,,—,,—,,—,,—,,—,,—,,—,,—,,—,,—,,—,,235,0.103342128408091,492,0.24748490945674,1181,0.407803867403315,402,0.192713326941515,487,0.246457489878543,467,0.258439402324294,1183,0.28839590443686,658,0.301696469509399,570,0.25944469731452,504,0.236953455571227,768,0.292571428571429,724,0.277927063339731,636,0.283422459893048,580,0.265567765567766,840,0.294014700735037,791,0.310927672955975
  Otis,,—,,—,,—,,—,,—,,—,,—,,—,,—,,—,,—,,—,,—,,—,,—,,—,,—,,528,0.346229508196721,636,0.321374431531076,685,0.333009236752552,704,0.34375,607,0.351476548928778,658,0.301006404391583,690,0.307623718234507,703,0.309146877748461,632,0.317907444668008,747,0.257941988950276,772,0.370086289549377,737,0.372975708502024,594,0.328721638074156,1280,0.312042905899561,693,0.317744154057772,703,0.319981793354574,585,0.275035260930889,689,0.26247619047619,700,0.268714011516315,704,0.313725490196078,587,0.268772893772894,714,0.249912495624781,718,0.282232704402516
  UTC Aerospace,,—,,—,,—,,—,,—,,—,,—,,—,,—,,—,,—,,—,,—,,—,,—,,—,,—,,211,0.138360655737705,224,0.113188479029813,260,0.126397666504618,250,0.1220703125,223,0.129125651418645,239,0.109332113449222,257,0.114578689255461,572,0.251539138082674,247,0.124245472837022,270,0.093232044198895,286,0.137104506232023,295,0.149291497975709,200,0.110680686220255,414,0.100926377376889,306,0.140302613480055,339,0.154301319981793,509,0.239304184297132,532,0.202666666666667,525,0.201535508637236,544,0.242424242424242,596,0.272893772893773,606,0.212110605530277,601,0.23624213836478
  Pratt & Whitney,,—,,—,,—,,—,,—,,—,,—,,—,,—,,—,,—,,—,,—,,—,,—,,—,,—,,500,0.327868852459016,523,0.264274886306215,501,0.243558580456976,501,0.24462890625,462,0.267515923566879,531,0.242909423604758,560,0.249665626393223,261,0.114775725593668,475,0.238933601609658,492,0.169889502762431,500,0.239693192713327,295,0.149291497975709,426,0.235749861649142,870,0.212091662603608,412,0.188904172397983,403,0.183431952662722,413,0.194170192759756,467,0.177904761904762,486,0.186564299424184,496,0.221033868092692,430,0.196886446886447,519,0.181659082954148,558,0.219339622641509
  Other - Corporate,,—,,—,,—,,—,,—,,—,,—,,—,,—,,—,,—,,—,,—,,—,,—,,—,,—,,—,,—,,—,,—,,—,,—,,—,,239,0.105101143359719,—,,—,,-102,-0.0488974113135187,-82,-0.041497975708502,-19,-0.0105146651909242,—,,-103,-0.0472260430994956,-13,-0.00591715976331361,21,0.00987306064880113,4,0.00152380952380952,—,,-136,-0.0606060606060606,-112,-0.0512820512820513,29,0.0101505075253763,-124,-0.0487421383647799
  Sikorsky,,—,,—,,—,,—,,—,,—,,—,,—,,—,,—,,—,,—,,—,,—,,—,,—,,—,,116,0.0760655737704918,140,0.0707427993936331,157,0.0763247447739426,202,0.0986328125,145,0.0839606253618992,176,0.080512351326624,170,0.0757913508693714,264,0.116094986807388,142,0.0714285714285714,206,0.0711325966850829,228,0.109300095877277,244,0.123481781376518,139,0.0769230769230769,355,0.0865431496830814,215,0.098578633654287,195,0.0887573964497041,95,0.0446638457921956,165,0.0628571428571429,170,0.0652591170825336,—,,103,0.0471611721611722,149,0.0521526076303815,—,
  Carrier,,—,,—,,—,,—,,—,,—,,—,,—,,—,,—,,—,,—,,—,,—,,—,,—,,—,,63,0.0413114754098361,315,0.159171298635675,298,0.14487117160914,190,0.0927734375,157,0.0909090909090909,395,0.180695333943275,355,0.158270173874276,—,,—,,—,,—,,—,,—,,—,,—,,—,,—,,—,,—,,—,,—,,—,,—,
  UTC Fire & Security,,—,,—,,—,,—,,—,,—,,—,,—,,—,,—,,—,,—,,—,,—,,—,,—,,—,,107,0.0701639344262295,141,0.0712481051035877,156,0.075838599902771,201,0.09814453125,133,0.0770121598147076,187,0.085544373284538,211,0.094070441373161,—,,—,,—,,—,,—,,—,,—,,—,,—,,—,,—,,—,,—,,—,,—,,—,
Adjusted Operating Margin,,—,,—,,—,,—,,—,,—,,—,,—,,—,,—,,—,,—,,—,,—,,—,,—,,—,,—,,—,,—,,—,,—,,—,,—,,—,,—,,—,,—,,—,,—,,—,,—,,—,,—,,—,,—,,—,,—,,—,,—,
  Otis,,—,,—,,—,,—,,—,,—,,—,,—,,—,,—,,—,,—,,—,,—,,—,,—,,—,,19.8,,21.9,,23.1,,22,,22.2,,23.2,,23.7,,22.6,,22.8,,23.4,,23.7,,23,,21.4,,22.7,,22.7,,21.9,,20.8,,22,,22,,21.1,,19.9,,21.2,,21.6,
"  UTC Climate, Controls & Security",,—,,—,,—,,—,,—,,—,,—,,—,,—,,—,,—,,—,,—,,—,,—,,—,,—,,—,,—,,—,,—,,—,,—,,—,,8.1,,10.4,,13.4,,12.7,,11,,11.4,,15.7,,15.4,,13.7,,13.1,,16.9,,17.1,,15.2,,15.1,,19,,18.2,
  UTC Aerospace,,—,,—,,—,,—,,—,,—,,—,,—,,—,,—,,—,,—,,—,,—,,—,,—,,—,,15.3,,16,,18.6,,17.7,,16.6,,17.2,,18.1,,17.8,,17.1,,17.7,,18.7,,17.9,,16.2,,17.1,,11.5,,10.7,,15.6,,16,,15.9,,15.8,,17.3,,16.7,,17,
  Pratt & Whitney,,—,,—,,—,,—,,—,,—,,—,,—,,—,,—,,—,,—,,—,,—,,—,,—,,—,,15.7,,16.8,,16.5,,15.4,,16,,16.1,,17.2,,16,,15.3,,14.3,,15.4,,15.4,,14,,12.9,,11.5,,10.4,,12.1,,12.9,,14.4,,12.1,,12.9,,14.4,,15.7,
  Sikorsky,,—,,—,,—,,—,,—,,—,,—,,—,,—,,—,,—,,—,,—,,—,,—,,—,,—,,8.7,,10.1,,9.5,,10.4,,10.6,,10.4,,11,,11.5,,9,,11.5,,12.1,,11.6,,10.3,,13.3,,13,,9,,7.6,,10.5,,11,,—,,7.6,,9.6,,—,
  Carrier,,—,,—,,—,,—,,—,,—,,—,,—,,—,,—,,—,,—,,—,,—,,—,,—,,—,,2.5,,10.1,,10.1,,7.6,,6.4,,12.7,,12.1,,—,,—,,—,,—,,—,,—,,—,,—,,—,,—,,—,,—,,—,,—,,—,,—,
  UTC Fire & Security,,—,,—,,—,,—,,—,,—,,—,,—,,—,,—,,—,,—,,—,,—,,—,,—,,—,,8.3,,10.6,,11.3,,13.1,,9.4,,11.6,,12.7,,—,,—,,—,,—,,—,,—,,—,,—,,—,,—,,—,,—,,—,,—,,—,,—,
Goodwill,,10111,1.0,10003,1.0,12263,1.0,12726,1.0,13007,1.0,13254,1.0,13492,1.0,13828,1.0,14146,1.0,14299,1.0,14610,1.0,15871,1.0,16120,1.0,16415,1.0,16619,1.0,16074,1.0,15363,1.0,15228,1.0,15754,1.0,16204,1.0,16298,1.0,17069,1.0,16914,1.0,17422,1.0,17721,1.0,18193,1.0,18309,1.0,17980,1.0,17943,1.0,16169,1.0,16116,1.0,27630,1.0,27801,1.0,27516,1.0,27835,1.0,28100,1.0,28168,1.0,28216,1.0,28378,1.0,28169,1.0
  UTC Aerospace,,3685,0.367654394891749,3678,0.367689693092072,4333,0.353339313381717,4326,0.33993399339934,4361,0.335281002537095,4381,0.332751025368373,4411,0.329080871381677,4444,0.323435225618632,4525,0.238559679460143,4526,0.318440863997749,4583,0.315546681354999,4584,0.290402280646183,4579,0.284057071960298,4606,0.282368808239333,4590,0.276189903122932,4490,0.281134556383445,4423,0.287899498795808,4421,0.292568327708292,4492,0.286059988537222,4491,0.277856833508631,4496,0.275862068965517,4452,0.26143637324564,4435,0.262830389949034,4480,0.257737889771028,4491,0.405507900677201,4508,0.301075268817204,4503,0.391906005221932,4476,0.41851332398317,4475,0.258371824480369,3749,0.231863442389758,3731,0.231509059319931,14589,0.528013029315961,14754,0.530795797956541,14634,0.531836022677715,14945,0.536913957248069,15035,0.535053380782918,15069,0.541758044220744,15086,0.534661185143181,15136,0.533370921136091,15014,0.539683680805176
"  UTC Climate, Controls & Security",,—,,—,,—,,—,,—,,—,,—,,—,,—,,—,,—,,—,,—,,—,,—,,—,,—,,—,,—,,—,,—,,—,,—,,—,,3171,0.286320541760722,6771,0.452213985173312,3202,0.278677110530896,3155,0.294997662459093,9758,0.563394919168591,9813,0.606902096604614,9616,0.596674112683048,9821,0.355446977922548,9868,0.355015110087782,9622,0.349687454571885,9617,0.345500269444943,9721,0.345943060498221,9727,0.34970339744742,9757,0.345796711085909,9828,0.346324617661569,9605,0.345255212077642
  Otis,,988,0.0985732814526589,1002,0.100169949015295,996,0.0812199298703417,993,0.078029231494578,1165,0.0895671561466902,1192,0.0905362296825156,1236,0.0922112802148612,1263,0.0919213973799127,1305,0.0688000843525938,1297,0.0912544853303314,1323,0.0910906086477554,1349,0.0854608805828318,1341,0.0831885856079404,1348,0.0826385483079941,1333,0.0802093988807991,1271,0.0795817419072068,1193,0.0776541040161427,1168,0.0772946859903382,1291,0.0822135897599185,1371,0.0848233619996288,1382,0.0847956804515892,1391,0.0816841858006929,1399,0.0829086168069219,1473,0.0847428374180186,1470,0.132731376975169,1534,0.102451078608161,1573,0.136901653611836,1510,0.141187470780739,1516,0.0875288683602771,1535,0.0949347516853238,1487,0.0922685529908166,1548,0.0560260586319218,1583,0.0569506403799108,1664,0.0604739060910016,1647,0.059170109574277,1715,0.0610320284697509,1741,0.0625921265504224,1742,0.0617380209810037,1783,0.0628303615476778,1714,0.0616103522645579
  Pratt & Whitney,,475,0.0473910006983937,475,0.0474857542737179,475,0.0387344043056348,914,0.0718214678610718,928,0.0713461982009687,948,0.0720036457542154,945,0.0705013428827216,1003,0.0729985443959243,1002,0.0528258118937157,1002,0.0704988390909731,1014,0.069815477829799,1025,0.0649350649350649,1027,0.0637096774193548,1024,0.062775870524767,1031,0.0620374270413382,1038,0.0649927994490013,1037,0.0674998372713663,1037,0.0686255045992985,1070,0.0681398458893205,1227,0.0759141248530595,1237,0.0758988832985642,1226,0.0719948323448235,1215,0.0720042669195212,1226,0.0705327350132321,1224,0.110519187358916,1234,0.082415013691311,1235,0.107484769364665,1228,0.114820009350164,1223,0.0706120092378753,689,0.0426124064568,934,0.0579548275006205,1321,0.04781035106768,1238,0.0445387825586415,1240,0.0450646896351214,1273,0.0457337883959044,1273,0.0453024911032028,1273,0.0457666726586374,1273,0.0451162461015027,1273,0.0448586933540066,1482,0.0532710280373832
  Reconciliation,,88,,—,,—,,—,,—,,88,,88,,88,,-4822,,86,,86,,86,,—,,103,,—,,103,,—,,117,,51,,41,,—,,40,,40,,40,,6646,,3220,,6819,,7285,,623,,—,,—,,—,,5,,—,,—,,—,,353,,—,,—,,349,
  Other - Corporate,,—,,88,0.00879736079176247,88,0.0071760580608334,88,0.00691497721200691,—,,—,,—,,—,,—,,—,,—,,—,,100,0.00620347394540943,—,,103,0.00619772549491546,—,,117,0.00761570005858231,—,,—,,—,,40,0.00245428886979998,—,,—,,—,,389,0.0351241534988713,593,0.0396046216523075,643,0.0559617058311575,—,,—,,31,0.00191724905683716,0,,0,,—,,5,0.000181712458206135,4,0.000143703969822166,4,0.000142348754448399,5,0.000179759122775481,5,0.000177204423022399,5,0.000176192825428149,5,0.000179726815240834
  Sikorsky,,154,0.0153646612790582,159,0.0158952314305708,152,0.0123950093778031,161,0.0126512651265127,161,0.0123779503344353,203,0.0154185022026432,203,0.0151447329155476,192,0.0139737991266376,192,0.0101223112610713,195,0.0137198339548301,210,0.014458826769485,228,0.014444092492873,235,0.0145781637717122,261,0.0160004904364885,269,0.0161862927974006,266,0.0166551875273934,249,0.016207771919547,243,0.0160810005955926,242,0.0154110679487996,241,0.0149105982800223,250,0.0153393054362498,251,0.0147395619237771,244,0.0144601161550314,330,0.0189851570590266,330,0.0297968397291196,333,0.0222400320577039,334,0.0290687554395126,326,0.030481533426835,348,0.0200923787528868,352,0.0217700538066671,348,0.0215934475055845,351,0.0127035830618893,353,0.0126996690171248,351,0.0127562145660707,349,0.012538171366984,352,0.0125266903914591,—,,353,0.0125106322653813,353,0.0124392134752273,—,
  Carrier,,2231,0.222588047490771,2232,0.223133060081975,2336,0.190491723069396,2337,0.183639792550684,2472,0.190051510724994,2423,0.184034634665046,2478,0.184870188003581,2613,0.190174672489083,7514,0.396140868831717,2757,0.193977344684444,2803,0.192990911594602,2835,0.17960088691796,2916,0.180893300248139,3011,0.184588033349681,3222,0.193874481015705,3151,0.197295097363972,3270,0.212849052919352,3187,0.210905962543842,3258,0.207476278418137,3221,0.199282311452082,3252,0.199533685114738,3227,0.189500264255094,3152,0.186796254592865,3181,0.183005407893223,—,,—,,—,,—,,—,,—,,—,,—,,—,,—,,—,,—,,—,,—,,—,,—,
  UTC Fire & Security,,2490,0.248428614187369,2369,0.236828951314606,3883,0.316643561934274,3907,0.307009272355807,3920,0.301376182055816,4019,0.305255962327206,4131,0.308191584601611,4225,0.307496360989811,4430,0.233551244200759,4436,0.312108632941673,4591,0.31609749380336,5764,0.365156794425087,5922,0.367369727047146,6062,0.371628249141736,6071,0.36530477164691,5755,0.360340617368981,5074,0.330274035019202,5055,0.334524518562636,5350,0.340699229446603,5612,0.347212769906577,5641,0.346116087863542,6482,0.380644782429972,6429,0.381000355576627,6692,0.384995972845472,—,,—,,—,,—,,—,,—,,—,,—,,—,,—,,—,,—,,—,,—,,—,,—,
Assets,,40441,1.0,—,,—,,—,,45925,1.0,—,,—,,—,,47141,1.0,—,,—,,—,,54575,1.0,—,,—,,—,,56837,1.0,—,,—,,—,,50755,1.0,—,,—,,—,,58493,1.0,—,,—,,—,,54273,1.0,—,,—,,—,,89409,1.0,—,,—,,—,,85029,1.0,—,,—,,—,
"  UTC Climate, Controls & Security",,—,,—,,—,,—,,—,,—,,—,,—,,—,,—,,—,,—,,—,,—,,—,,—,,—,,—,,—,,—,,—,,—,,—,,—,,21837,0.373326722855726,—,,—,,—,,21630,0.398540710850699,—,,—,,—,,22253,0.248889932780816,—,,—,,—,,21543,0.253360618142046,—,,—,,—,
  Other - Corporate,,—,,—,,—,,—,,1710,0.0372346216657594,—,,—,,—,,-868,-0.0184128465666829,—,,—,,—,,3726,0.0682730187814934,—,,—,,—,,—,,—,,—,,—,,—,,—,,—,,—,,5359,0.0916178004205631,—,,—,,—,,—,,—,,—,,—,,1788,0.0199979867798544,—,,—,,—,,1609,0.0189229556974679,—,,—,,—,
  Carrier,,9166,0.248515576281756,—,,—,,—,,9433,0.205400108873163,—,,—,,—,,10127,0.214823614263592,—,,—,,—,,10335,0.189372423270728,—,,—,,—,,10810,0.211075096653259,—,,—,,—,,9804,0.193163235149246,—,,—,,—,,—,,—,,—,,—,,—,,—,,—,,—,,—,,—,,—,,—,,—,,—,,—,,—,
  UTC Fire & Security,,4974,0.134858878073909,—,,—,,—,,7595,0.16537833424061,—,,—,,—,,8518,0.180691966653232,—,,—,,—,,11143,0.204177737059093,—,,—,,—,,10022,0.19568867887687,—,,—,,—,,10304,0.203014481331888,—,,—,,—,,—,,—,,—,,—,,—,,—,,—,,—,,—,,—,,—,,—,,—,,—,,—,,—,
  Adjustments,,3558,,—,,—,,—,,—,,—,,—,,—,,—,,—,,—,,—,,0,,—,,—,,—,,5623,,—,,—,,—,,—,,—,,—,,—,,—,,—,,—,,—,,—,,—,,—,,—,,—,,—,,—,,—,,—,,—,,—,,—,
  Sikorsky,,1965,0.053276577284928,—,,—,,—,,2592,0.0564398475775721,—,,—,,—,,3145,0.0667147493689145,—,,—,,—,,3412,0.0625194686211635,—,,—,,—,,3985,0.0778107548717148,—,,—,,—,,4167,0.0821002856861393,—,,—,,—,,4521,0.0772912998136529,—,,—,,—,,4628,0.0852726033202513,—,,—,,—,,4975,0.0556431679137447,—,,—,,—,,—,,—,,—,,—,
  Otis,,5939,0.161022693381775,—,,—,,—,,6094,0.132694610778443,—,,—,,—,,6973,0.147917948282811,—,,—,,—,,7721,0.14147503435639,—,,—,,—,,7731,0.150954817042215,—,,—,,—,,7908,0.155807309624668,—,,—,,—,,8097,0.138426820303284,—,,—,,—,,8717,0.160613933263317,—,,—,,—,,8866,0.0991622767282936,—,,—,,—,,9354,0.110009526161662,—,,—,,—,
  UTC Aerospace,,7473,0.202613670254589,—,,—,,—,,8986,0.195666848121938,—,,—,,—,,9418,0.199783627839885,—,,—,,—,,8965,0.164269354099863,—,,—,,—,,8648,0.168860077322607,—,,—,,—,,8509,0.167648507536203,—,,—,,—,,8540,0.146000376113381,—,,—,,—,,8593,0.158329187625523,—,,—,,—,,35589,0.398047176458746,—,,—,,—,,35461,0.417045949029155,—,,—,,—,
  Pratt & Whitney,,7366,0.199712604723043,—,,—,,—,,9515,0.207185628742515,—,,—,,—,,9828,0.208480940158249,—,,—,,—,,9273,0.169912963811269,—,,—,,—,,10018,0.195610575233335,—,,—,,—,,10063,0.198266180671855,—,,—,,—,,10139,0.173336980493392,—,,—,,—,,10705,0.19724356494021,—,,—,,—,,15938,0.178259459338545,—,,—,,—,,17062,0.200660950969669,—,,—,,—,
Sales Change - Currencies %,,—,,—,,—,,—,,—,,—,,—,,—,,—,,—,,—,,—,,—,,—,,—,,—,,—,,—,,—,,—,,—,,—,,—,,—,,—,,—,,—,,—,,—,,—,,—,,—,,—,,—,,—,,—,,—,,—,,—,,—,
"  UTC Climate, Controls & Security",,—,,—,,—,,—,,—,,—,,—,,—,,—,,—,,—,,—,,—,,—,,—,,—,,—,,—,,—,,—,,—,,—,,—,,—,,-1,,1,,5,,4,,0,,-1,,-3,,-3,,-1,,0,,0,,0,,0,,0,,0,,0,
  UTC Aerospace,,—,,—,,—,,—,,—,,-2,,0,,0,,0,,1,,2,,2,,5,,3,,4,,2,,-3,,-3,,-3,,-1,,-1,,1,,-1,,-1,,-1,,0,,3,,2,,0,,0,,-1,,-2,,0,,0,,0,,0,,0,,0,,0,,0,
  Pratt & Whitney,,—,,—,,—,,—,,—,,0,,0,,0,,0,,0,,0,,0,,0,,0,,0,,0,,0,,0,,0,,-2,,-2,,0,,4,,4,,0,,-1,,0,,0,,0,,0,,0,,0,,0,,0,,-1,,0,,0,,0,,-1,,0,
  Otis,,—,,—,,—,,—,,—,,-4,,0,,3,,1,,5,,4,,5,,14,,8,,9,,6,,-10,,-10,,-9,,-8,,-4,,6,,1,,-2,,-2,,2,,8,,7,,0,,-1,,-5,,-6,,-1,,0,,0,,0,,0,,-2,,0,,-1,
  Sikorsky,,—,,—,,—,,—,,—,,0,,0,,0,,0,,0,,0,,0,,0,,0,,0,,0,,0,,0,,0,,—,,0,,0,,0,,0,,0,,0,,0,,0,,0,,0,,0,,0,,0,,0,,0,,0,,—,,0,,0,,—,
  Carrier,,—,,—,,—,,—,,—,,—,,0,,2,,—,,3,,-3,,—,,—,,—,,—,,—,,—,,—,,—,,-5,,-3,,4,,1,,-1,,—,,—,,—,,—,,—,,—,,—,,—,,—,,—,,—,,—,,—,,—,,—,,—,
  UTC Fire & Security,,—,,—,,—,,—,,—,,-6,,0,,1,,2,,5,,6,,7,,18,,8,,7,,2,,-16,,-16,,-12,,-6,,-6,,8,,1,,-2,,—,,—,,—,,—,,—,,—,,—,,—,,—,,—,,—,,—,,—,,—,,—,,—,
Sales Change - Acquisitions & Divestitures %,,—,,—,,—,,—,,—,,—,,—,,—,,—,,—,,—,,—,,—,,—,,—,,—,,—,,—,,—,,—,,—,,—,,—,,—,,—,,—,,—,,—,,—,,—,,—,,—,,—,,—,,—,,—,,—,,—,,—,,—,
  Pratt & Whitney,,—,,—,,—,,—,,—,,5,,6,,3,,0,,0,,1,,0,,1,,0,,0,,1,,0,,0,,0,,0,,0,,0,,1,,-1,,0,,0,,0,,0,,0,,0,,0,,17,,16,,13,,11,,-5,,-8,,-6,,-1,,1,
  Otis,,—,,—,,—,,—,,—,,1,,1,,0,,0,,4,,1,,0,,5,,-3,,0,,0,,0,,0,,2,,1,,1,,1,,-1,,1,,1,,1,,1,,1,,0,,0,,1,,1,,0,,0,,0,,0,,0,,1,,0,,0,
  UTC Aerospace,,—,,—,,—,,—,,—,,3,,-2,,2,,1,,1,,1,,2,,4,,1,,0,,-2,,-2,,-2,,-3,,1,,-2,,1,,1,,-2,,0,,0,,0,,-1,,-1,,-1,,-1,,121,,147,,164,,164,,22,,0,,0,,0,,0,
"  UTC Climate, Controls & Security",,—,,—,,—,,—,,—,,—,,—,,—,,—,,—,,—,,—,,—,,—,,—,,—,,—,,—,,—,,—,,—,,—,,—,,—,,-5,,-7,,-6,,-5,,0,,-6,,-8,,-8,,-5,,-4,,-2,,-3,,-3,,-3,,-2,,-1,
  Sikorsky,,—,,—,,—,,—,,—,,0,,4,,4,,5,,0,,0,,0,,0,,1,,0,,0,,0,,0,,0,,0,,0,,0,,0,,0,,0,,1,,1,,0,,0,,0,,0,,0,,0,,0,,0,,0,,—,,0,,0,,—,
  Carrier,,—,,—,,—,,—,,—,,—,,—,,—,,—,,—,,—,,—,,—,,—,,—,,—,,—,,—,,—,,-8,,—,,-7,,0,,-5,,—,,—,,—,,—,,—,,—,,—,,—,,—,,—,,—,,—,,—,,—,,—,,—,
  UTC Fire & Security,,—,,—,,—,,—,,—,,49,,0,,0,,10,,4,,8,,18,,30,,20,,18,,3,,-2,,-2,,-3,,0,,-1,,10,,25,,21,,—,,—,,—,,—,,—,,—,,—,,—,,—,,—,,—,,—,,—,,—,,—,,—,
Sales Change - Other %,,—,,—,,—,,—,,—,,—,,—,,—,,—,,—,,—,,—,,—,,—,,—,,—,,—,,—,,—,,—,,—,,—,,—,,—,,—,,—,,—,,—,,—,,—,,—,,—,,—,,—,,—,,—,,—,,—,,—,,—,
  Total Company,,—,,—,,—,,—,,—,,—,,—,,—,,—,,—,,—,,—,,—,,-2,,—,,—,,—,,—,,—,,—,,—,,—,,—,,—,,—,,—,,—,,—,,—,,—,,—,,—,,—,,—,,—,,—,,—,,—,,—,,—,
    UTC Fire & Security,,—,,—,,—,,—,,—,,—,,—,,—,,—,,—,,—,,—,,—,,0,,—,,—,,—,,—,,—,,—,,—,,—,,—,,—,,—,,—,,—,,—,,—,,—,,—,,—,,—,,—,,—,,—,,—,,—,,—,,—,
    Otis,,—,,—,,—,,—,,—,,—,,—,,—,,—,,—,,—,,—,,—,,-3,,—,,—,,—,,—,,—,,—,,—,,—,,—,,—,,—,,—,,—,,—,,—,,—,,—,,—,,—,,—,,—,,—,,—,,—,,—,,—,
Operating Income Change Amount,,—,,765,1.0,256,1.0,252,1.0,—,,264,1.0,309,1.0,209,1.0,—,,332,1.0,267,1.0,285,1.0,—,,126,1.0,248,1.0,210,1.0,—,,-415,,-261,,-121,,—,,—,,304,1.0,287,1.0,—,,259,1.0,330,1.0,—,,—,,—,,—,,—,,—,,—,,—,,—,,—,,—,,—,,—,
"  UTC Climate, Controls & Security",,—,,—,,—,,—,,—,,—,,—,,—,,—,,—,,—,,—,,—,,—,,—,,—,,—,,—,,—,,—,,—,,—,,—,,—,,—,,171,0.66023166023166,125,0.378787878787879,—,,—,,—,,—,,—,,—,,—,,—,,—,,—,,—,,—,,—,
  Carrier,,—,,475,0.620915032679739,39,0.15234375,66,0.261904761904762,—,,52,0.196969696969697,17,0.0550161812297735,63,0.301435406698565,—,,9,0.0271084337349398,79,0.295880149812734,10,0.0350877192982456,—,,35,0.277777777777778,2,0.00806451612903226,—,,—,,-226,0.544578313253012,—,,—,,—,,—,,73,0.240131578947368,22,0.0766550522648084,—,,—,,—,,—,,—,,—,,—,,—,,—,,—,,—,,—,,—,,—,,—,,—,
  UTC Fire & Security,,—,,8,0.0104575163398693,21,0.08203125,23,0.0912698412698413,—,,26,0.0984848484848485,12,0.0388349514563107,14,0.0669856459330144,—,,21,0.0632530120481928,36,0.134831460674157,49,0.171929824561404,—,,29,0.23015873015873,25,0.100806451612903,35,0.166666666666667,—,,-22,0.0530120481927711,-71,0.272030651340996,-5,0.0413223140495868,—,,—,,113,0.37171052631579,38,0.132404181184669,—,,—,,—,,—,,—,,—,,—,,—,,—,,—,,—,,—,,—,,—,,—,,—,
  Sikorsky,,—,,7,0.00915032679738562,13,0.05078125,10,0.0396825396825397,—,,50,0.189393939393939,21,0.0679611650485437,6,0.0287081339712919,—,,70,0.210843373493976,45,0.168539325842697,33,0.115789473684211,—,,9,0.0714285714285714,24,0.0967741935483871,30,0.142857142857143,—,,34,-0.0819277108433735,22,-0.0842911877394636,24,-0.198347107438017,—,,—,,36,0.118421052631579,71,0.247386759581882,—,,-4,-0.0154440154440154,108,0.327272727272727,—,,—,,—,,—,,—,,—,,—,,—,,—,,—,,—,,—,,—,
  Otis,,—,,120,0.156862745098039,80,0.3125,57,0.226190476190476,—,,17,0.0643939393939394,50,0.161812297734628,21,0.100478468899522,—,,135,0.406626506024096,60,0.224719101123595,104,0.364912280701754,—,,6,0.0476190476190476,139,0.560483870967742,81,0.385714285714286,—,,-74,0.178313253012048,-40,0.153256704980843,-15,0.12396694214876,—,,—,,10,0.0328947368421053,45,0.156794425087108,—,,34,0.131274131274131,102,0.309090909090909,—,,—,,—,,—,,—,,—,,—,,—,,—,,—,,—,,—,,—,
  Collins Aerospace Systems,,—,,21,0.0274509803921569,30,0.1171875,19,0.0753968253968254,—,,29,0.109848484848485,42,0.135922330097087,41,0.196172248803828,—,,37,0.11144578313253,34,0.127340823970037,29,0.101754385964912,—,,11,0.0873015873015873,34,0.137096774193548,37,0.176190476190476,—,,-37,0.0891566265060241,-93,0.35632183908046,-39,0.322314049586777,—,,—,,17,0.0559210526315789,8,0.0278745644599303,—,,23,0.0888030888030888,63,0.190909090909091,—,,—,,—,,—,,—,,—,,—,,—,,—,,—,,—,,—,,—,
  Pratt & Whitney,,—,,134,0.17516339869281,73,0.28515625,77,0.305555555555556,—,,90,0.340909090909091,167,0.540453074433657,64,0.30622009569378,—,,60,0.180722891566265,13,0.048689138576779,60,0.210526315789474,—,,36,0.285714285714286,24,0.0967741935483871,27,0.128571428571429,—,,-90,0.216867469879518,-79,0.302681992337165,-86,0.710743801652893,—,,—,,55,0.180921052631579,103,0.358885017421603,—,,35,0.135135135135135,-68,-0.206060606060606,—,,—,,—,,—,,—,,—,,—,,—,,—,,—,,—,,—,,—,
Aircraft Deliveries,,—,,—,,—,,—,,—,,—,,—,,—,,—,,—,,—,,—,,—,,—,,—,,—,,—,,49,1.0,50,1.0,61,1.0,84,1.0,53,1.0,68,1.0,64,1.0,76,1.0,58,1.0,70,1.0,73,1.0,73,1.0,39,1.0,51,1.0,62,1.0,91,1.0,40,1.0,62,1.0,61,1.0,77,1.0,48,1.0,63,1.0,54,1.0
  Sikorsky,,—,,—,,—,,—,,—,,—,,—,,—,,—,,—,,—,,—,,—,,—,,—,,—,,—,,—,,50,1.0,61,1.0,84,1.0,53,1.0,68,1.0,64,1.0,76,1.0,58,1.0,70,1.0,73,1.0,73,1.0,39,1.0,51,1.0,62,1.0,91,1.0,40,1.0,62,1.0,61,1.0,77,1.0,48,1.0,63,1.0,54,1.0
    Military Platforms,,—,,—,,—,,—,,—,,—,,—,,—,,—,,—,,—,,—,,—,,—,,—,,—,,—,,38,0.775510204081633,40,0.8,51,0.836065573770492,57,0.678571428571429,46,0.867924528301887,59,0.867647058823529,54,0.84375,60,0.789473684210526,51,0.879310344827586,57,0.814285714285714,66,0.904109589041096,61,0.835616438356164,34,0.871794871794872,44,0.862745098039216,54,0.870967741935484,77,0.846153846153846,30,0.75,47,0.758064516129032,42,0.688524590163934,58,0.753246753246753,36,0.75,46,0.73015873015873,39,0.722222222222222
    Commercial Platforms,,—,,—,,—,,—,,—,,—,,—,,—,,—,,—,,—,,—,,—,,—,,—,,—,,—,,11,0.224489795918367,10,0.2,10,0.163934426229508,27,0.321428571428571,7,0.132075471698113,9,0.132352941176471,10,0.15625,16,0.210526315789474,7,0.120689655172414,13,0.185714285714286,7,0.0958904109589041,12,0.164383561643836,5,0.128205128205128,7,0.137254901960784,8,0.129032258064516,14,0.153846153846154,10,0.25,15,0.241935483870968,19,0.311475409836066,19,0.246753246753247,12,0.25,17,0.26984126984127,15,0.277777777777778
Order Backlog,,27734,1.0,—,,—,,—,,33574,1.0,—,,—,,—,,26756,1.0,—,,—,,—,,41490,1.0,—,,—,,—,,38875,1.0,—,,—,,—,,36852,1.0,—,,—,,—,,37788,1.0,—,,—,,—,,20609.7,1.0,—,,—,,—,,77900,1.0,—,,—,,—,,30000,1.0,—,,—,,—,
"  UTC Climate, Controls & Security",,—,,—,,—,,—,,—,,—,,—,,—,,—,,—,,—,,—,,—,,—,,—,,—,,—,,—,,—,,—,,—,,—,,—,,—,,—,,—,,—,,—,,3.4,0.000164970863234302,—,,—,,—,,3000,0.0385109114249037,—,,—,,—,,3100,0.103333333333333,—,,—,,—,
  Carrier-Operating,,—,,—,,—,,—,,—,,—,,—,,—,,—,,—,,—,,—,,—,,—,,—,,—,,—,,—,,—,,—,,2199,0.0596711169000326,—,,—,,—,,—,,—,,—,,—,,—,,—,,—,,—,,—,,—,,—,,—,,—,,—,,—,,—,
  UTC Fire & Security,,311,0.0112136727482512,—,,—,,—,,582,0.0173348424376005,—,,—,,—,,692,0.0258633577515324,—,,—,,—,,1084,0.0261267775367558,—,,—,,—,,1064,0.0273697749196141,—,,—,,—,,—,,—,,—,,—,,—,,—,,—,,—,,—,,—,,—,,—,,—,,—,,—,,—,,—,,—,,—,,—,
  Sikorsky,,6916,0.249369005552751,—,,—,,—,,7531,0.224310478346339,—,,—,,—,,3257,0.12172970548662,—,,—,,—,,11445,0.275849602313811,—,,—,,—,,7355,0.1891961414791,—,,—,,—,,6207,0.168430478671443,—,,—,,—,,9287,0.245765851593098,—,,—,,—,,901,0.0437172787570901,—,,—,,—,,6400,0.0821566110397946,—,,—,,—,,5400,0.18,—,,—,,—,
    Other,,4570,0.164779692795846,—,,—,,—,,5270,0.156966700422946,—,,—,,—,,2532,0.0946329795186126,—,,—,,—,,6265,0.151000241021933,—,,—,,—,,6442,0.165710610932476,—,,—,,—,,5372,0.145772278302399,—,,—,,—,,5053,0.133719699375463,—,,—,,—,,—,,—,,—,,—,,—,,—,,—,,—,,—,,—,,—,,—,
    U.S. Government Funded Contracts and Subcontracts,,2349,0.0846974832335761,—,,—,,—,,2261,0.0673437779233931,—,,—,,—,,725,0.0270967259680072,—,,—,,—,,5180,0.124849361291878,—,,—,,—,,913,0.0234855305466238,—,,—,,—,,835,0.0226582003690437,—,,—,,—,,4234,0.112046152217635,—,,—,,—,,901,0.0437172787570901,—,,—,,—,,6400,0.0821566110397946,—,,—,,—,,5400,0.18,—,,—,,—,
  Otis,,5611,0.202314848200764,—,,—,,—,,5807,0.17296121999166,—,,—,,—,,11583,0.432912243982658,—,,—,,—,,14146,0.340949626416004,—,,—,,—,,15025,0.386495176848875,—,,—,,—,,14550,0.39482253337675,—,,—,,—,,13923,0.368450301683074,—,,—,,—,,14300,0.693848042426624,—,,—,,—,,14800,0.189987163029525,—,,—,,—,,15400,0.513333333333333,—,,—,,—,
  Collins Aerospace Systems,,2064,0.0744212879498089,—,,—,,—,,2823,0.0840829213081551,—,,—,,—,,4527,0.169195694423681,—,,—,,—,,5152,0.124174499879489,—,,—,,—,,5226,0.134430868167203,—,,—,,—,,5077,0.137767285357647,—,,—,,—,,5119,0.13546628559331,—,,—,,—,,901,0.0437172787570901,—,,—,,—,,10100,0.129653401797176,—,,—,,—,,2500,0.0833333333333333,—,,—,,—,
    Other,,1585,0.0571500685079686,—,,—,,—,,2018,0.0601060344314053,—,,—,,—,,3802,0.142098968455673,—,,—,,—,,4329,0.104338394793926,—,,—,,—,,4313,0.110945337620579,—,,—,,—,,4242,0.115109084988603,—,,—,,—,,4400,0.116439081189796,—,,—,,—,,—,,—,,—,,—,,—,,—,,—,,—,,—,,—,,—,,—,
    U.S. Government Funded Contracts and Subcontracts,,479,0.0172712194418403,—,,—,,—,,805,0.0239768868767499,—,,—,,—,,725,0.0270967259680072,—,,—,,—,,823,0.0198361050855628,—,,—,,—,,913,0.0234855305466238,—,,—,,—,,835,0.0226582003690437,—,,—,,—,,719,0.0190272044035143,—,,—,,—,,901,0.0437172787570901,—,,—,,—,,10100,0.129653401797176,—,,—,,—,,2500,0.0833333333333333,—,,—,,—,
  Pratt & Whitney,,12832,0.462681185548424,—,,—,,—,,16831,0.501310537916245,—,,—,,—,,6697,0.250298998355509,—,,—,,—,,9663,0.232899493853941,—,,—,,—,,10205,0.262508038585209,—,,—,,—,,8819,0.239308585694128,—,,—,,—,,9459,0.250317561130518,—,,—,,—,,4504.3,0.218552429195961,—,,—,,—,,43600,0.559691912708601,—,,—,,—,,3600,0.12,—,,—,,—,
    Other,,10269,0.370267541645634,—,,—,,—,,13872,0.413176863048788,—,,—,,—,,3802,0.142098968455673,—,,—,,—,,4329,0.104338394793926,—,,—,,—,,4313,0.110945337620579,—,,—,,—,,4242,0.115109084988603,—,,—,,—,,4400,0.116439081189796,—,,—,,—,,4499,0.218295268732684,—,,—,,—,,39300,0.504492939666239,—,,—,,—,,—,,—,,—,,—,
    U.S. Government Funded Contracts and Subcontracts,,2563,0.0924136439027908,—,,—,,—,,2959,0.088133674867457,—,,—,,—,,2895,0.108200029899836,—,,—,,—,,5334,0.128561099060014,—,,—,,—,,5892,0.15156270096463,—,,—,,—,,4577,0.124199500705525,—,,—,,—,,5059,0.133878479940722,—,,—,,—,,5.3,0.000257160463277001,—,,—,,—,,4300,0.055198973042362,—,,—,,—,,3600,0.12,—,,—,,—,
Engine Deliveries (Units),,—,,—,,—,,—,,—,,—,,—,,—,,—,,718,1.0,870,1.0,871,1.0,1073,1.0,1043,1.0,1233,1.0,1159,1.0,1231,1.0,1137,1.0,923,1.0,842,1.0,861,1.0,788,1.0,856,1.0,866,1.0,902,1.0,761,1.0,825,1.0,858,1.0,927,1.0,800,1.0,886,1.0,892,1.0,985,1.0,837,1.0,933,1.0,855,1.0,1000,1.0,873,1.0,862,1.0,932,1.0
  Pratt & Whitney Canada,,—,,—,,—,,—,,—,,—,,—,,—,,—,,607,0.845403899721448,728,0.836781609195402,731,0.839265212399541,922,0.859273066169618,878,0.841802492809204,1057,0.857258718572587,1015,0.875754961173425,1050,0.852965069049553,969,0.852242744063325,781,0.846153846153846,695,0.82541567695962,699,0.81184668989547,633,0.803299492385787,683,0.797897196261682,715,0.825635103926097,737,0.817073170731707,606,0.796320630749014,650,0.787878787878788,683,0.796037296037296,724,0.78101402373247,642,0.8025,697,0.786681715575621,701,0.785874439461883,811,0.823350253807107,666,0.795698924731183,720,0.771704180064309,691,0.808187134502924,808,0.808,681,0.780068728522337,668,0.774941995359629,768,0.824034334763948
  Large Commercial,,—,,—,,—,,—,,—,,—,,—,,—,,—,,79,0.110027855153203,98,0.11264367816092,94,0.107921928817451,111,0.103448275862069,109,0.104506232023011,122,0.0989456609894566,99,0.0854184641932701,132,0.107229894394801,114,0.100263852242744,98,0.106175514626219,95,0.112826603325416,101,0.117305458768873,112,0.142131979695431,120,0.14018691588785,98,0.113163972286374,110,0.121951219512195,123,0.161629434954008,120,0.145454545454545,133,0.155011655011655,154,0.166127292340885,116,0.145,142,0.160270880361174,152,0.170403587443946,143,0.145177664974619,146,0.174432497013142,185,0.198285101822079,139,0.162573099415205,156,0.156,167,0.191294387170676,173,0.200696055684455,145,0.155579399141631
  Military,,—,,—,,—,,—,,—,,—,,—,,—,,—,,32,0.0445682451253482,44,0.0505747126436782,46,0.052812858783008,40,0.0372786579683131,41,0.0393096836049856,34,0.0275750202757502,36,0.0310612597066437,36,0.0292445166531275,44,0.038698328935796,35,0.037919826652221,43,0.0510688836104513,49,0.0569105691056911,40,0.050761421319797,44,0.0514018691588785,47,0.0542725173210162,49,0.0543237250554324,30,0.0394218134034166,44,0.0533333333333333,38,0.0442890442890443,49,0.0528586839266451,37,0.04625,41,0.04627539503386,39,0.0437219730941704,31,0.0314720812182741,25,0.029868578255675,28,0.030010718113612,25,0.0292397660818713,36,0.036,25,0.0286368843069874,21,0.0243619489559165,19,0.0203862660944206
  Pratt & Whitney Power Systems,,—,,—,,—,,—,,—,,—,,—,,—,,—,,—,,—,,—,,—,,15,0.0143815915627996,20,0.016220600162206,9,0.00776531492666091,13,0.0105605199025183,10,0.00879507475813544,9,0.00975081256771398,9,0.0106888361045131,12,0.0139372822299652,3,0.00380710659898477,9,0.0105140186915888,6,0.0069284064665127,6,0.00665188470066519,2,0.0026281208935611,11,0.0133333333333333,4,0.00466200466200466,—,,5,0.00625,6,0.00677200902934537,—,,—,,—,,—,,—,,—,,—,,—,,—,
Source: Bloomberg,,,,,,,,,,,,,,,,,,,,,,,,,,,,,,,,,,,,,,,,,,,,,,,,,,,,,,,,,,,,,,,,,,,,,,,,,,,,,,,,,
