Unnamed: 0,Unnamed: 1,Unnamed: 2,Unnamed: 3,Unnamed: 4,Unnamed: 5,Unnamed: 6,Unnamed: 7,Unnamed: 8,Unnamed: 9,Unnamed: 10,Unnamed: 11,Unnamed: 12,Unnamed: 13,Unnamed: 14,Unnamed: 15,Unnamed: 16,Unnamed: 17,Unnamed: 18,Unnamed: 19,Unnamed: 20,Unnamed: 21,Unnamed: 22,Unnamed: 23,Unnamed: 24,Unnamed: 25,Unnamed: 26,Unnamed: 27,Unnamed: 28,Unnamed: 29,Unnamed: 30,Unnamed: 31,Unnamed: 32,Unnamed: 33,Unnamed: 34,Unnamed: 35,Unnamed: 36,Unnamed: 37,Unnamed: 38,Unnamed: 39,Unnamed: 40,Unnamed: 41,Unnamed: 42,Unnamed: 43,Unnamed: 44,Unnamed: 45,Unnamed: 46,Unnamed: 47,Unnamed: 48,Unnamed: 49,Unnamed: 50,Unnamed: 51,Unnamed: 52,Unnamed: 53,Unnamed: 54,Unnamed: 55,Unnamed: 56,Unnamed: 57,Unnamed: 58,Unnamed: 59,Unnamed: 60,Unnamed: 61,Unnamed: 62,Unnamed: 63,Unnamed: 64,Unnamed: 65,Unnamed: 66,Unnamed: 67,Unnamed: 68,Unnamed: 69,Unnamed: 70,Unnamed: 71,Unnamed: 72,Unnamed: 73,Unnamed: 74,Unnamed: 75,Unnamed: 76,Unnamed: 77,Unnamed: 78,Unnamed: 79,Unnamed: 80,Unnamed: 81
Martin Marietta Materials Inc (MLM US) - By Measure,,,,,,,,,,,,,,,,,,,,,,,,,,,,,,,,,,,,,,,,,,,,,,,,,,,,,,,,,,,,,,,,,,,,,,,,,,,,,,,,,
,,,,,,,,,,,,,,,,,,,,,,,,,,,,,,,,,,,,,,,,,,,,,,,,,,,,,,,,,,,,,,,,,,,,,,,,,,,,,,,,,
date,,Q3 2014,,Q4 2014,,Q1 2015,,Q2 2015,,Q3 2015,,Q4 2015,,Q1 2016,,Q2 2016,,Q3 2016,,Q4 2016,,Q1 2017,,Q2 2017,,Q3 2017,,Q4 2017,,Q1 2018,,Q2 2018,,Q3 2018,,Q4 2018,,Q1 2019,,Q2 2019,,Q3 2019,,Q4 2019,,Q1 2020,,Q2 2020,,Q3 2020,,Q4 2020,,Q1 2021,,Q2 2021,,Q3 2021,,Q4 2021,,Q1 2022,,Q2 2022,,Q3 2022,,Q4 2022,,Q1 2023,,Q2 2023,,Q3 2023,,Q4 2023,,Q1 2024,,Q2 2024,
date,,09/30/2014,,12/31/2014,,03/31/2015,,06/30/2015,,09/30/2015,,12/31/2015,,03/31/2016,,06/30/2016,,09/30/2016,,12/31/2016,,03/31/2017,,06/30/2017,,09/30/2017,,12/31/2017,,03/31/2018,,06/30/2018,,09/30/2018,,12/31/2018,,03/31/2019,,06/30/2019,,09/30/2019,,12/31/2019,,03/31/2020,,06/30/2020,,09/30/2020,,12/31/2020,,03/31/2021,,06/30/2021,,09/30/2021,,12/31/2021,,03/31/2022,,06/30/2022,,09/30/2022,,12/31/2022,,03/31/2023,,06/30/2023,,09/30/2023,,12/31/2023,,03/31/2024,,06/30/2024,
Revenue,,1003.723,1.0,779.5,1.0,691.347,1.0,921.419,1.0,1082.249,1.0,844.556,1.0,788.734,1.0,977.298,1.0,1103.901,1.0,948.8,1.0,843.859,1.0,1063.524,1.0,1087.732,1.0,970.5,1.0,802.004,1.0,1202.403,1.0,1219.64,1.0,1020.218,1.0,939,1.0,1279.5,1.0,1420.2,1.0,1100.4,1.0,958.2,1.0,1270.6,1.0,1321.4,1.0,1179.6,1.0,982.4,1.0,1377.9,1.0,1557.3,1.0,1496.4,1.0,1230.8,1.0,1641.7,1.0,1811.7,1.0,1476.5,1.0,1354.1,1.0,1820.8,1.0,1994.1,1.0,1608.2,1.0,1251,1.0,1764,1.0
  Building Materials Business,,823.636,0.820580977022545,621.3,0.797049390635022,526.083,0.760953616635351,750.402,0.814398227082359,903.94,0.835242167005929,725.32,0.85881812455302,724.564,0.918641772764963,913.662,0.934885776907351,1038.752,0.940982932346288,884.7,0.932440978077572,775.282,0.91873405391185,993.495,0.934153813172058,1023.827,0.941249315088643,903,0.930448222565688,732.742,0.913638834719029,1129.441,0.939319845343034,1146.117,0.939717457610442,948.243,0.929451352554062,864.9,0.921086261980831,1203.2,0.940367330988667,1355.4,0.954372623574145,1044.3,0.949018538713195,892.5,0.931433938634941,1217,0.957815205414765,1260.5,0.953912517027395,1117.2,0.947100712105799,911.5,0.927829804560261,1302.1,0.944988750997895,1478.9,0.949656456687857,1422.8,0.950815290029404,1153.8,0.937439064023399,1560,0.950234513004812,1736,0.958216040183253,1406.9,0.952861496782933,1270.7,0.938409275533565,1740.3,0.955788664323374,1918.6,0.962138308008625,1532.2,0.952742196244248,1170,0.935251798561151,1683,0.954081632653061
    Products and Services,,—,,—,,—,,—,,—,,—,,724.564,0.918641772764963,913.662,0.934885776907351,1038.752,0.940982932346288,884.7,0.932440978077572,775.282,0.91873405391185,993.495,0.934153813172058,1023.827,0.941249315088643,903,0.930448222565688,732.742,0.913638834719029,1129.441,0.939319845343034,1146.117,0.939717457610442,948.243,0.929451352554062,864.9,0.921086261980831,1203.2,0.940367330988667,1355.4,0.954372623574145,1044.3,0.949018538713195,892.5,0.931433938634941,1217,0.957815205414765,1260.5,0.953912517027395,1117.2,0.947100712105799,911.5,0.927829804560261,1302.1,0.944988750997895,1478.9,0.949656456687857,1422.8,0.950815290029404,1153.8,0.937439064023399,1560,0.950234513004812,1736,0.958216040183253,1406.9,0.952861496782933,1270.7,0.938409275533565,1740.3,0.955788664323374,1918.6,0.962138308008625,1532.2,0.952742196244248,1170,0.935251798561151,1683,0.954081632653061
      West Group,,479.323,0.477545099594211,359.5,0.46119307248236,320.571,0.463690447778033,411.235,0.446306186436355,531.256,0.490881488455984,411.958,0.487780561620544,466.546,0.591512474421034,547.386,0.560101422493446,657.663,0.595762663499716,551.9,0.581682124789207,495.981,0.587753404300955,610.248,0.573798052512214,620.512,0.570464048129503,553,0.569809376609995,473.722,0.590672864474492,665.886,0.553796023463015,643.565,0.527668000393559,526.753,0.516314160306915,497.6,0.529925452609159,651.7,0.509339585775694,773.4,0.544571187156738,596.2,0.541802980734279,510.6,0.532874139010645,682.5,0.537147804186998,711.2,0.538217042530649,633.9,0.537385554425229,516.6,0.525855048859935,666.8,0.483924813121417,794.8,0.510370513067488,834.1,0.557404437316226,735,0.597172570685733,885.5,0.539379911067796,962.4,0.531213777115416,805.8,0.545750084659668,741.1,0.547300790192748,1005.2,0.552065026362039,1104.3,0.553783661802317,847.9,0.527235418480289,644,0.514788169464428,860,0.487528344671202
      Southeast Group,,73.217,0.0729454241857564,60.8,0.0779987171263631,64.678,0.093553598988641,81.518,0.0884700662782079,82.949,0.0766450234650251,75.328,0.0891924277371779,71.671,0.0908684043036055,87.6,0.0896348913023459,83.814,0.075925286778434,78,0.0822091062394604,90.282,0.10698706774473,92.348,0.0868320790127914,94.843,0.0871933527743966,85.1,0.0876867594023699,80.239,0.100048129435763,112.963,0.0939477030579598,125.547,0.102937752123577,104.633,0.102559452979657,119.2,0.126943556975506,137,0.107073075420086,582,0.409801436417406,448.1,0.407215557978917,121.1,0.126382801085368,534.5,0.420667401227766,549.3,0.415695474496746,483.3,0.40971515768057,394.9,0.401974755700326,635.3,0.461063937876479,684.1,0.439285943620369,588.7,0.393410852713178,418.8,0.340266493337667,674.5,0.410854601937017,773.6,0.427002263067837,601.1,0.407111412123265,529.6,0.391108485340817,735.1,0.403723637961336,814.3,0.408354646206309,684.3,0.42550677776396,526,0.420463629096723,823,0.466553287981859
      Mid America Group,,271.096,0.270090453242578,201,0.257857601026299,140.834,0.203709569868677,257.649,0.279621974367796,289.735,0.26771565508492,238.034,0.281845135195298,186.347,0.236260894040323,278.676,0.285149463111559,297.275,0.269294982068138,254.8,0.268549747048904,189.019,0.223993581866165,290.899,0.273523681647053,308.472,0.283591914184744,264.9,0.272952086553323,178.781,0.222917840808774,350.592,0.291576118822059,377.005,0.309111705093306,316.857,0.31057773926749,248.1,0.264217252396166,414.5,0.323954669792888,0,,0,,260.8,0.272176998538927,—,,—,,—,,—,,—,,—,,—,,—,,—,,—,,—,,—,,—,,—,,—,,—,,—,
  Magnesia Specialities,,64.344,0.0641053358346875,58.2,0.0746632456703015,63.164,0.0913636712099713,65.118,0.0706714317807642,62.174,0.0574488865316577,55.423,0.0656238307465698,64.17,0.0813582272350374,63.636,0.0651142230926493,65.149,0.0590170676537117,64.1,0.0675590219224283,68.577,0.0812659460881498,70.029,0.0658461868279418,63.905,0.0587506849113568,67.5,0.0695517774343122,69.262,0.0863611652809712,72.962,0.0606801546569661,73.523,0.0602825423895576,71.975,0.070548647445938,74.1,0.0789137380191693,76.3,0.0596326690113326,64.8,0.0456273764258555,56.1,0.0509814612868048,65.7,0.0685660613650595,53.6,0.0421847945852353,60.9,0.0460874829726048,62.4,0.0528992878942014,70.9,0.0721701954397394,75.8,0.0550112490021047,78.4,0.0503435433121428,73.6,0.0491847099705961,77,0.0625609359766006,81.7,0.0497654869951879,75.7,0.0417839598167467,69.6,0.0471385032170674,83.4,0.0615907244664353,80.5,0.0442113356766257,75.5,0.0378616919913746,76,0.0472578037557518,81,0.0647482014388489,81,0.0459183673469388
    Magnesia Specialties,,—,,—,,—,,—,,—,,—,,—,,—,,—,,—,,—,,—,,—,,—,,—,,—,,—,,—,,—,,—,,—,,—,,—,,—,,—,,—,,—,,—,,—,,—,,—,,—,,—,,—,,—,,—,,—,,—,,—,,81,0.0459183673469388
  Corporate,,—,,—,,—,,—,,—,,—,,—,,—,,—,,—,,—,,—,,—,,—,,—,,—,,—,,—,,—,,—,,—,,—,,0,,—,,—,,—,,—,,—,,—,,—,,—,,—,,—,,—,,—,,—,,—,,—,,—,,—,
  Cement,,115.743,0.115313687142767,100,0.128287363694676,102.1,0.147682712154678,105.899,0.114930341136877,116.135,0.107308946462413,63.813,0.0755580447004106,—,,—,,—,,—,,—,,—,,—,,—,,—,,—,,—,,—,,—,,—,,—,,—,,—,,—,,—,,—,,—,,—,,—,,—,,—,,—,,—,,—,,—,,—,,—,,—,,—,,—,
Revenue - Supplementary Breakdown,,1003.723,1.0,856.3,1.0,691.347,1.0,921.419,1.0,1082.249,1.0,804.2,1.0,788.734,1.0,977.298,1.0,1103.901,1.0,948.8,1.0,843.859,1.0,1063.524,1.0,1087.732,1.0,970.478,1.0,802.004,1.0,1202.403,1.0,1219.64,1.0,1020.218,1.0,939,1.0,1279.5,1.0,1420.1,1.0,1100.4,1.0,958.2,1.0,1270.6,1.0,1321.4,1.0,1179.6,1.0,982.4,1.0,1377.9,1.0,1557.3,1.0,1496.4,1.0,1230.8,1.0,1641.7,1.0,1811.7,1.0,1476.5,1.0,1354.1,1.0,1820.8,1.0,1994.1,1.0,1608.2,1.0,1251,1.0,1764,1.0
  Building Materials Business,,749.749,0.816771647881892,590.9,0.788813242557736,476.557,0.754193860820794,689.387,0.810806010945029,837.441,0.833093915946591,669.6,0.832628699328525,728.409,0.924477798338397,937.761,0.940934772989293,1150.473,0.946406860027213,884.7,0.932440978077572,835.992,0.924188204548243,1064.044,0.938250006833775,1091.206,0.944676312492912,968.372,0.934854656017794,793.407,0.919711963684797,1207.619,0.943024299126724,1212.956,0.942849436329703,1006.8,0.933280804616347,923.3,0.925706837778223,1271,0.943368217917316,1432.7,0.956727879799666,1106.3,0.951737783895389,946.1,0.93506621862028,1292.9,0.960193093204605,1341.9,0.956586826347305,1200.6,0.950593824228028,984.6,0.932828043581241,1398.8,0.948596229485962,1594.2,0.953126868348679,1540.6,0.954404658654442,1241.9,0.94161801501251,1662.3,0.953153669724771,1840.6,0.960496790690393,1494.4,0.955498721227622,1358.5,0.942159650461197,1740.3,0.955788664323374,2060.5,0.964653558052434,1643.3,0.955795963473507,1209,0.937209302325581,1748,0.955713504647348
    Aggregates,,478.834,0.521638622048016,405.3,0.541049259110933,332.214,0.52575821838462,481.616,0.566441124894002,529.993,0.52724185201618,474,0.589405620492415,430.86,0.546836329853258,547.293,0.549145266985542,637.995,0.524830086984276,488.6,0.514966273187184,451.055,0.498640789149308,577.913,0.50959065245359,590.312,0.511043527418577,515.646,0.497798432789208,425.016,0.492675638048892,666.966,0.52083077915415,687.8,0.534637565012721,579.846,0.537504113462029,544.9,0.546320433126128,757.8,0.562458249832999,818.7,0.546711185308848,635.3,0.546541637990365,570.3,0.563648942478751,754.9,0.560638692907538,766.9,0.546692329626461,677.2,0.53618368962787,572.6,0.542491710090005,801.8,0.543740675437407,857.1,0.512435728805453,827,0.512328088217074,685.9,0.520054590947001,955.2,0.547706422018349,1015.7,0.53003183217659,849.2,0.542966751918159,911.9,0.632429433386504,1151.4,0.632359402460457,1216.3,0.569428838951311,1021.9,0.594369801663468,885,0.686046511627907,1242,0.679059595407326
    Cement and Ready Mixed Concrete,,—,,—,,—,,—,,—,,—,,—,,—,,—,,—,,—,,—,,—,,—,,—,,—,,—,,—,,—,,—,,—,,—,,—,,—,,—,,—,,—,,—,,—,,—,,—,,—,,—,,—,,—,,—,,—,,—,,265,0.205426356589147,261,0.142700929469656
    Asphalt & Paving,,—,,—,,—,,58.021,0.0682400096912787,—,,65.6,0.0815717483213131,13.837,0.0175615612871456,88.081,0.0883791027134525,151.141,0.124332234855901,70.9,0.0747259696458685,21.737,0.0240302287608795,82.943,0.0731372671776861,110.973,0.0960712866555682,76.918,0.0742557100283534,16.365,0.0189701959847868,81.482,0.0636289309305698,99.983,0.0777183304196959,66.893,0.0620082964473593,12.4,0.0124323240425105,82.2,0.0610109107103095,131.1,0.0875459098497496,68.4,0.0588437715072264,18.1,0.017888910851947,107,0.0794652803564798,129.8,0.0925292272597662,76.8,0.0608076009501188,12.2,0.0115585030791094,135.3,0.091753695917537,195.9,0.117123041970585,170.7,0.105748977821831,54.8,0.0415497763287588,212.3,0.121731651376147,309.8,0.161665709961906,198.6,0.126982097186701,58,0.0402247035161939,240.9,0.132304481546573,359.9,0.168492509363296,228.4,0.132844762403304,59,0.0457364341085271,245,0.133952979770366
    Freight,,—,,—,,—,,—,,—,,—,,—,,—,,—,,—,,47.268,0.0522547202037656,62.38,0.0550052774380485,61.229,0.0530070270303027,53.97,0.0521019874441644,44.306,0.0513592119341254,68.821,0.0537420124146774,72.264,0.0561719235214877,59.438,0.0550976802391602,55.8,0.0559454581912974,77.5,0.0575224523120315,91.5,0.06110183639399,70.6,0.0607364074328975,61.4,0.0606839296303617,76.4,0.0567396955068697,75,0.053464499572284,63.1,0.0499604117181314,54.9,0.0520132638559924,76.8,0.0520819205208192,88.1,0.0526724859500179,85.5,0.052967414198984,76.8,0.0582303434680415,110.8,0.0635321100917431,124.5,0.0649689505818504,92,0.0588235294117647,—,,-121.1,-0.0665092267135325,—,,—,,—,,—,
    Cement,,109.521,0.119311459765432,100,0.13349352556401,96.565,0.152822705720743,100.405,0.118088936299837,110.519,0.109945305396441,83.6,0.103954240238747,96.86,0.122932198184066,87.44,0.0877359333030311,97.287,0.0800306345229027,87.9,0.0926433389544688,93.554,0.103423840525156,98.937,0.0872404157404329,88.47,0.076590041995964,90.272,0.0871475006588773,89.183,0.103380323159868,113.148,0.0883567693101803,98.223,0.0763502552315273,87.277,0.0809038029246136,99,0.0992580709845599,112.3,0.0833518889631114,119.6,0.0798664440734558,108.1,0.0929972470750172,106.6,0.105356789879423,109.5,0.0813219457853695,115.6,0.0824066153407471,120.8,0.0956452889944576,109.6,0.10383704405495,116.5,0.0790044757900448,132.3,0.0790984096616047,136.1,0.0843142113740553,134.3,0.101827280309349,157.9,0.0905389908256881,163.2,0.0851641183530762,146.9,0.093925831202046,168.6,0.11692905194535,197.7,0.108578646748682,199.1,0.0932116104868914,160.2,0.0931774559413715,—,,—,
    Other,,—,,76.8,0.10252302763316,—,,—,,—,,—,,—,,—,,—,,—,,—,,—,,—,,—,,—,,—,,—,,—,,—,,—,,—,,—,,—,,—,,—,,—,,—,,—,,—,,—,,—,,—,,—,,—,,—,,—,,—,,—,,—,,—,
    Road Paving,,60.327,0.0657198385083153,43.3,0.0578026965692164,7.126,0.0112775291354633,—,,71.023,0.0706543257283495,-39,-0.0484953991544392,—,,—,,—,,—,,—,,—,,—,,—,,—,,—,,—,,—,,—,,—,,—,,—,,—,,—,,—,,—,,—,,—,,—,,—,,—,,—,,—,,—,,—,,—,,—,,—,,—,,—,
    Asphalt,,26.873,0.0292752701151053,16.3,0.0217594446669336,9.645,0.015264070798701,—,,26.817,0.0266777952643108,—,,—,,—,,—,,—,,—,,—,,—,,—,,—,,—,,—,,—,,—,,—,,—,,—,,—,,—,,—,,—,,—,,—,,—,,—,,—,,—,,—,,—,,—,,—,,—,,—,,—,,—,
    Ready Mixed Concrete,,183.715,0.200137917210456,49.2,0.065678814577493,127.572,0.20189404250201,149.75,0.176124876359749,209.608,0.208519942937751,169,0.210146729669237,186.852,0.237147709013928,214.947,0.215674469987267,264.05,0.217213903664132,237.3,0.250105396290051,222.378,0.245838625909135,241.871,0.213276394024018,240.222,0.2079644293925,231.566,0.22355102509719,218.537,0.253326594557124,277.202,0.216465807317147,254.686,0.197971362144271,213.346,0.197766911543186,211.2,0.211750551433728,241.2,0.179024716098864,271.8,0.181502504173623,223.9,0.192618719889883,189.7,0.187487645779798,245.1,0.182027478648348,254.6,0.181494154548047,262.7,0.207996832937451,235.3,0.222927522501184,268.4,0.182015461820155,320.8,0.191797201961019,321.3,0.199045967042498,290.1,0.21995602395936,226.1,0.129644495412844,227.4,0.11866617961697,207.7,0.132800511508951,220,0.152576461613149,271.4,0.149055360281195,285.2,0.133520599250936,232.8,0.135403943465364,—,,—,
  Magnesia Specialities,,58.672,0.0639168923526759,58.2,0.0776932318782539,58.754,0.0929834334584634,60.457,0.0711050527551341,57.258,0.0569607786569679,51,0.0634170604327282,59.505,0.0755222016616027,58.866,0.0590652270107071,65.149,0.0535931399727876,64.1,0.0675590219224283,68.577,0.0758117954517566,70.029,0.0617499931662247,63.905,0.0553236875070881,67.481,0.065145343982206,69.262,0.0802880363152032,72.962,0.0569757008732755,73.523,0.057150563670297,71.975,0.0667191953836528,74.1,0.0742931622217766,76.3,0.0566317820826839,64.8,0.0432721202003339,56.1,0.0482622161046112,65.7,0.0649337813797193,53.6,0.0398069067953955,60.9,0.0434131736526946,62.4,0.0494061757719715,70.9,0.0671719564187589,75.8,0.0514037705140377,78.4,0.0468731316513213,73.6,0.0455953413455582,77,0.0583819849874896,81.7,0.0468463302752294,75.7,0.0395032093096071,69.6,0.0445012787723785,83.4,0.057840349538803,80.5,0.0442113356766257,75.5,0.0353464419475655,76,0.0442040365264933,81,0.0627906976744186,81,0.0442864953526517
  Corporate,,85.781,,107.2,,59.471,,71.17,,77.031,,—,,0.82,,-19.329,,-111.721,,—,,-60.71,,-70.549,,-67.379,,-65.375,,-60.665,,-78.178,,-66.839,,-58.557,,-58.4,,-67.8,,-77.4,,-62,,-53.6,,-75.9,,-81.4,,-83.4,,-73.1,,-96.7,,-115.3,,-117.8,,-88.1,,-102.3,,-104.6,,-87.5,,-87.8,,—,,-141.9,,-111.1,,-39,,-65,
Revenue Including Intersegment - Supplementary,,—,,—,,—,,—,,—,,804.2,1.0,787.914,1.0,996.498,1.0,1150.065,1.0,—,,904.569,1.0,1134.073,1.0,1155.111,1.0,1035.853,1.0,862.669,1.0,1280.581,1.0,1286.479,1.0,1078.775,1.0,997.4,1.0,1347.3,1.0,1497.5,1.0,1162.389,1.0,1011.8,1.0,1346.5,1.0,1402.8,1.0,—,,1055.5,1.0,1474.6,1.0,1672.6,1.0,—,,1318.9,1.0,1744,1.0,1916.3,1.0,—,,1441.9,1.0,—,,2136,1.0,—,,1290,1.0,1829,1.0
  Building Materials Business,,—,,—,,—,,—,,—,,753.2,0.936582939567272,728.409,0.924477798338397,937.632,0.940927126798047,1089.821,0.947616873828871,—,,835.992,0.924188204548243,1064.044,0.938250006833775,1091.206,0.944676312492912,968.372,0.934854656017794,793.407,0.919711963684797,1207.619,0.943024299126724,1212.956,0.942849436329703,1006.8,0.933280804616347,923.3,0.925706837778223,1271,0.943368217917316,1432.7,0.956727879799666,1106.263,0.951714959449892,946.1,0.93506621862028,1292.9,0.960193093204605,1341.9,0.956586826347305,—,,984.6,0.932828043581241,1398.8,0.948596229485962,1594.2,0.953126868348679,—,,1241.9,0.94161801501251,1662.3,0.953153669724771,1840.6,0.960496790690393,—,,1358.5,0.942159650461197,—,,2060.5,0.964653558052434,—,,1209,0.937209302325581,1748,0.955713504647348
    Aggregates,,—,,—,,—,,—,,—,,474,0.589405620492415,430.86,0.546836329853258,547.293,0.549216355677583,581.536,0.505654897766648,—,,451.055,0.498640789149308,577.913,0.50959065245359,590.312,0.511043527418577,515.646,0.497798432789208,425.016,0.492675638048892,666.966,0.52083077915415,687.8,0.534637565012721,579.846,0.537504113462029,544.9,0.546320433126128,757.8,0.562458249832999,818.7,0.546711185308848,635.295,0.546542508575012,570.3,0.563648942478751,754.9,0.560638692907538,766.9,0.546692329626461,—,,572.6,0.542491710090005,801.8,0.543740675437407,857.1,0.512435728805453,—,,685.9,0.520054590947001,955.2,0.547706422018349,1015.7,0.53003183217659,—,,911.9,0.632429433386504,—,,1216.3,0.569428838951311,—,,885,0.686046511627907,1242,0.679059595407326
    Cement and Ready Mixed Concrete,,—,,—,,—,,—,,—,,—,,—,,—,,—,,—,,—,,—,,—,,—,,—,,—,,—,,—,,—,,—,,—,,—,,—,,—,,—,,—,,—,,—,,—,,—,,—,,—,,—,,—,,—,,—,,—,,—,,265,0.205426356589147,261,0.142700929469656
    Asphalt & Paving,,—,,—,,—,,—,,—,,65.6,0.0815717483213131,13.837,0.0175615612871456,88.081,0.0883905436839813,149.794,0.130248290314026,—,,21.737,0.0240302287608795,82.943,0.0731372671776861,110.973,0.0960712866555682,76.918,0.0742557100283534,16.365,0.0189701959847868,81.482,0.0636289309305698,99.983,0.0777183304196959,66.893,0.0620082964473593,12.4,0.0124323240425105,82.2,0.0610109107103095,131.1,0.0875459098497496,68.366,0.0588150782569346,18.1,0.017888910851947,107,0.0794652803564798,129.8,0.0925292272597662,—,,12.2,0.0115585030791094,135.3,0.091753695917537,195.9,0.117123041970585,—,,54.8,0.0415497763287588,212.3,0.121731651376147,309.8,0.161665709961906,—,,58,0.0402247035161939,—,,359.9,0.168492509363296,—,,59,0.0457364341085271,245,0.133952979770366
    Freight,,—,,—,,—,,—,,—,,—,,—,,—,,—,,—,,47.268,0.0522547202037656,62.38,0.0550052774380485,61.229,0.0530070270303027,53.97,0.0521019874441644,44.306,0.0513592119341254,68.821,0.0537420124146774,72.264,0.0561719235214877,59.438,0.0550976802391602,55.8,0.0559454581912974,77.5,0.0575224523120315,91.5,0.06110183639399,70.593,0.0607309601174822,61.4,0.0606839296303617,76.4,0.0567396955068697,75,0.053464499572284,—,,54.9,0.0520132638559924,76.8,0.0520819205208192,88.1,0.0526724859500179,—,,76.8,0.0582303434680415,110.8,0.0635321100917431,124.5,0.0649689505818504,—,,—,,—,,—,,—,,—,,—,
    Cement,,—,,—,,—,,—,,—,,83.6,0.103954240238747,96.86,0.122932198184066,87.311,0.0876178376675116,94.744,0.0823814306147914,—,,93.554,0.103423840525156,98.937,0.0872404157404329,88.47,0.076590041995964,90.272,0.0871475006588773,89.183,0.103380323159868,113.148,0.0883567693101803,98.223,0.0763502552315273,87.277,0.0809038029246136,99,0.0992580709845599,112.3,0.0833518889631114,119.6,0.0798664440734558,108.136,0.0930290978321371,106.6,0.105356789879423,109.5,0.0813219457853695,115.6,0.0824066153407471,—,,109.6,0.10383704405495,116.5,0.0790044757900448,132.3,0.0790984096616047,—,,134.3,0.101827280309349,157.9,0.0905389908256881,163.2,0.0851641183530762,—,,168.6,0.11692905194535,—,,199.1,0.0932116104868914,—,,—,,—,
    Road Paving,,—,,—,,—,,—,,—,,-39,-0.0484953991544392,—,,—,,—,,—,,—,,—,,—,,—,,—,,—,,—,,—,,—,,—,,—,,—,,—,,—,,—,,—,,—,,—,,—,,—,,—,,—,,—,,—,,—,,—,,—,,—,,—,,—,
    Ready Mixed Concrete,,—,,—,,—,,—,,—,,169,0.210146729669237,186.852,0.237147709013928,214.947,0.215702389768971,263.747,0.229332255133406,—,,222.378,0.245838625909135,241.871,0.213276394024018,240.222,0.2079644293925,231.566,0.22355102509719,218.537,0.253326594557124,277.202,0.216465807317147,254.686,0.197971362144271,213.346,0.197766911543186,211.2,0.211750551433728,241.2,0.179024716098864,271.8,0.181502504173623,223.873,0.192597314668325,189.7,0.187487645779798,245.1,0.182027478648348,254.6,0.181494154548047,—,,235.3,0.222927522501184,268.4,0.182015461820155,320.8,0.191797201961019,—,,290.1,0.21995602395936,226.1,0.129644495412844,227.4,0.11866617961697,—,,220,0.152576461613149,—,,285.2,0.133520599250936,—,,—,,—,
  Magnesia Specialities,,—,,—,,—,,—,,—,,51,0.0634170604327282,59.505,0.0755222016616027,58.866,0.0590728732019532,60.244,0.0523831261711295,—,,68.577,0.0758117954517566,70.029,0.0617499931662247,63.905,0.0553236875070881,67.481,0.065145343982206,69.262,0.0802880363152032,72.962,0.0569757008732755,73.523,0.057150563670297,71.975,0.0667191953836528,74.1,0.0742931622217766,76.3,0.0566317820826839,64.8,0.0432721202003339,56.126,0.0482850405501084,65.7,0.0649337813797193,53.6,0.0398069067953955,60.9,0.0434131736526946,—,,70.9,0.0671719564187589,75.8,0.0514037705140377,78.4,0.0468731316513213,—,,77,0.0583819849874896,81.7,0.0468463302752294,75.7,0.0395032093096071,—,,83.4,0.057840349538803,—,,75.5,0.0353464419475655,—,,81,0.0627906976744186,81,0.0442864953526517
Net Revenues,,917.942,1.0,779.5,1.0,631.876,1.0,850.249,1.0,1678.682,1.0,720.7,1.0,733.96,1.0,915.436,1.0,1038.344,1.0,889,1.0,792.316,1.0,1063.524,1.0,1022.487,1.0,970.478,1.0,753.305,1.0,1128.777,1.0,1142.218,1.0,1020.218,1.0,939,1.0,1196.1,1.0,5530.6,1.0,1100.4,1.0,958.2,1.0,1270.6,1.0,1321.4,1.0,1179.6,1.0,982.4,1.0,1377.9,1.0,1557.3,1.0,1496.4,1.0,1230.8,1.0,1641.7,1.0,1811.7,1.0,1476.5,1.0,1354.1,1.0,1820.8,1.0,1994.1,1.0,1608.2,1.0,1251,1.0,1764,1.0
  Building Materials Business,,749.749,0.816771647881892,621.3,0.797049390635022,476.557,0.754193860820794,689.387,0.810806010945029,977.875,0.582525457471993,669.7,0.929235465519634,674.455,0.91892609951496,856.57,0.935696214699881,978.1,0.941980692333176,829.6,0.93318335208099,728.014,0.91884298688907,993.495,0.934153813172058,962.598,0.941428106176411,902.997,0.930466223860819,688.436,0.913887469218975,1060.62,0.939618720083772,1073.853,0.940147152294921,948.243,0.929451352554062,864.9,0.921086261980831,1125.7,0.941142044979517,5465.8,0.988283368893068,1044.3,0.949018538713195,892.5,0.931433938634941,1217,0.957815205414765,1260.5,0.953912517027395,1117.2,0.947100712105799,911.5,0.927829804560261,1302.1,0.944988750997895,1478.9,0.949656456687857,1422.8,0.950815290029404,1153.8,0.937439064023399,1560,0.950234513004812,1736,0.958216040183253,1406.9,0.952861496782933,1270.7,0.938409275533565,1740.3,0.955788664323374,1918.6,0.962138308008625,1532.2,0.952742196244248,1170,0.935251798561151,1683,0.954081632653061
    Products and Services,,—,,—,,—,,—,,—,,669.7,0.929235465519634,674.455,0.91892609951496,856.57,0.935696214699881,978.1,0.941980692333176,829.6,0.93318335208099,728.014,0.91884298688907,993.495,0.934153813172058,962.598,0.941428106176411,902.997,0.930466223860819,688.436,0.913887469218975,1060.62,0.939618720083772,1073.853,0.940147152294921,948.243,0.929451352554062,864.9,0.921086261980831,1125.7,0.941142044979517,5465.8,0.988283368893068,1044.3,0.949018538713195,892.5,0.931433938634941,1217,0.957815205414765,1260.5,0.953912517027395,1117.2,0.947100712105799,911.5,0.927829804560261,1302.1,0.944988750997895,1478.9,0.949656456687857,1422.8,0.950815290029404,1153.8,0.937439064023399,1560,0.950234513004812,1736,0.958216040183253,1406.9,0.952861496782933,1270.7,0.938409275533565,1740.3,0.955788664323374,1918.6,0.962138308008625,1532.2,0.952742196244248,1170,0.935251798561151,1683,0.954081632653061
      West Group,,437.398,0.476498515156731,359.5,0.46119307248236,287.082,0.454332812134026,375.489,0.441622395321841,633.345,0.377287062111823,379.8,0.526987650894963,433.799,0.591039021200065,514.906,0.562470778951232,622.265,0.599285978442597,518.2,0.582902137232846,463.881,0.585474734828023,610.249,0.573798992782485,584.086,0.571240514549329,552.98,0.569801685355052,442.983,0.588052647997823,625.96,0.55454708946054,603.763,0.528588237972086,526.753,0.516314160306915,497.6,0.529925452609159,611.8,0.511495694339938,773.4,0.139840162007739,596.2,0.541802980734279,510.6,0.532874139010645,682.5,0.537147804186998,711.2,0.538217042530649,633.9,0.537385554425229,516.6,0.525855048859935,666.8,0.483924813121417,794.8,0.510370513067488,834.1,0.557404437316226,735,0.597172570685733,885.5,0.539379911067796,962.4,0.531213777115416,805.8,0.545750084659668,741.1,0.547300790192748,1005.2,0.552065026362039,1104.3,0.553783661802317,847.9,0.527235418480289,644,0.514788169464428,860,0.487528344671202
      Southeast Group,,68.042,0.0741245089559035,60.8,0.0779987171263631,59.77,0.0945913438712659,76.483,0.0899536488722715,79.933,0.0476165229626576,70.8,0.0982378243374497,67.284,0.0916725707123004,82.676,0.0903132496427932,80.044,0.0770881326419761,74.4,0.0836895388076491,86.726,0.109458852276112,92.348,0.0868320790127914,91.427,0.0894162957573055,85.081,0.0876691692135216,77.563,0.102963607038318,109.082,0.0966373340349777,121.661,0.106512942363017,104.633,0.102559452979657,119.2,0.126943556975506,132,0.110358665663406,582,0.105232705312263,448.1,0.407215557978917,121.1,0.126382801085368,534.5,0.420667401227766,549.3,0.415695474496746,483.3,0.40971515768057,394.9,0.401974755700326,635.3,0.461063937876479,684.1,0.439285943620369,588.7,0.393410852713178,418.8,0.340266493337667,674.5,0.410854601937017,773.6,0.427002263067837,601.1,0.407111412123265,529.6,0.391108485340817,735.1,0.403723637961336,814.3,0.408354646206309,684.3,0.42550677776396,526,0.420463629096723,823,0.466553287981859
      Mid America Group,,244.309,0.266148623769258,201,0.257857601026299,129.705,0.205269704815502,237.415,0.279229966750916,264.597,0.157621872397512,219.1,0.304009990287221,173.372,0.236214507602594,258.988,0.282912186105856,275.791,0.265606581248604,237,0.266591676040495,177.407,0.223909399784934,290.898,0.273522741376781,287.085,0.280771295869776,264.936,0.272995369292246,167.89,0.222871214182834,325.578,0.288434296588254,348.429,0.305045971959819,316.857,0.31057773926749,248.1,0.264217252396166,381.9,0.319287684976172,4110.4,0.743210501573066,—,,260.8,0.272176998538927,—,,—,,—,,—,,—,,—,,—,,—,,—,,—,,—,,—,,—,,—,,—,,—,,—,
  Magnesia Specialities,,58.672,0.0639168923526759,58.2,0.0746632456703015,58.754,0.0929834334584634,60.457,0.0711050527551341,590.288,0.351637772967125,51,0.0707645344803663,59.505,0.0810739004850401,58.866,0.0643037853001193,60.244,0.0580193076668233,59.4,0.0668166479190101,64.302,0.0811570131109305,70.029,0.0658461868279418,59.889,0.058571893823589,67.481,0.0695337761391809,64.869,0.0861125307810249,68.157,0.0603812799162279,68.365,0.0598528477050791,71.975,0.070548647445938,74.1,0.0789137380191693,70.4,0.0588579550204832,64.8,0.0117166311069323,56.1,0.0509814612868048,65.7,0.0685660613650595,53.6,0.0421847945852353,60.9,0.0460874829726048,62.4,0.0528992878942014,70.9,0.0721701954397394,75.8,0.0550112490021047,78.4,0.0503435433121428,73.6,0.0491847099705961,77,0.0625609359766006,81.7,0.0497654869951879,75.7,0.0417839598167467,69.6,0.0471385032170674,83.4,0.0615907244664353,80.5,0.0442113356766257,75.5,0.0378616919913746,76,0.0472578037557518,81,0.0647482014388489,81,0.0459183673469388
    Magnesia Specialties,,—,,—,,—,,—,,—,,—,,—,,—,,—,,—,,—,,—,,—,,—,,—,,—,,—,,—,,—,,—,,—,,—,,—,,—,,—,,—,,—,,—,,—,,—,,—,,—,,—,,—,,—,,—,,—,,—,,—,,81,0.0459183673469388
  Cement,,109.521,0.119311459765432,100,0.128287363694676,96.565,0.152822705720743,100.405,0.118088936299837,110.519,0.0658367695608817,—,,—,,—,,—,,—,,—,,—,,—,,—,,—,,—,,—,,—,,—,,—,,—,,—,,—,,—,,—,,—,,—,,—,,—,,—,,—,,—,,—,,—,,—,,—,,—,,—,,—,,—,
Gross Profit,,185.61,1.0,137,1.0,74.261,1.0,200.153,1.0,262.505,1.0,169,1.0,145.25,1.0,247.431,1.0,293.307,1.0,225.8,1.0,147.067,1.0,274.094,1.0,291.678,1.0,259.102,1.0,110.392,1.0,315.917,1.0,312.984,1.0,227.284,1.0,142.9,1.0,356.9,1.0,420.6,1.0,258.6,1.0,142.4,1.0,380.8,1.0,404.5,1.0,325.4,1.0,174.7,1.0,384.4,1.0,441.9,1.0,346.7,1.0,156.1,1.0,425.2,1.0,487.8,1.0,354.2,1.0,302.8,1.0,560.4,1.0,676,1.0,483.5,1.0,272,1.0,517,1.0
  Building Materials Business,,142.175,0.764965726522399,111.7,0.832960477255779,38.727,0.497201181152908,154.504,0.749502769935287,211.78,0.786073529684687,140.7,0.887137452711223,126.275,0.84593329001226,227.26,0.912764077435939,273.796,0.92298771916222,203.3,0.902352418996893,125.191,0.848718018250105,250.156,0.913711739352765,268.322,0.930923700352494,231.963,0.907832478190933,84.619,0.779841117705607,288.907,0.923766342977915,287.816,0.91788890908685,198.979,0.887562113602098,117.8,0.82205163991626,328.6,0.921222315671433,395.9,0.945094294581045,238.2,0.926848249027237,118.2,0.824267782426778,359.4,0.955089024714324,383.8,0.950470529965329,298.8,0.927374301675978,148,0.843304843304843,356.9,0.929669184683511,414.4,0.938830992297236,320,0.927805160916208,138.4,0.84390243902439,399.1,0.942162417374882,469.3,0.957950602163707,331.4,0.943084803642573,275.9,0.916915918909937,536.1,0.950869102518623,649.5,0.968102548815025,461.3,0.952508775552344,248,0.895306859205776,501,0.948863636363636
    Products and Services,,—,,—,,—,,—,,—,,140.7,0.887137452711223,126.275,0.84593329001226,227.26,0.912764077435939,273.796,0.92298771916222,203.3,0.902352418996893,125.191,0.848718018250105,250.156,0.913711739352765,268.322,0.930923700352494,231.963,0.907832478190933,84.619,0.779841117705607,288.907,0.923766342977915,287.816,0.91788890908685,198.979,0.887562113602098,117.8,0.82205163991626,328.6,0.921222315671433,395.9,0.945094294581045,238.2,0.926848249027237,118.2,0.824267782426778,359.4,0.955089024714324,383.8,0.950470529965329,298.8,0.927374301675978,148,0.843304843304843,356.9,0.929669184683511,414.4,0.938830992297236,320,0.927805160916208,138.4,0.84390243902439,399.1,0.942162417374882,469.3,0.957950602163707,331.4,0.943084803642573,275.9,0.916915918909937,536.1,0.950869102518623,649.5,0.968102548815025,461.3,0.952508775552344,248,0.895306859205776,501,0.948863636363636
      West Group,,54.596,0.293751143345995,39,0.29082774049217,28.484,0.365695211195275,64.834,0.314511356249576,102.925,0.382031438487092,58.7,0.370113493064313,88.287,0.591446544251137,118.895,0.477528315527352,154.045,0.519297736995223,105.5,0.46826453617399,84.537,0.573108890485811,132.736,0.484827233545182,131.994,0.457943600988093,116.328,0.455272334480046,60.197,0.55477015519593,148.053,0.473392400934935,125.702,0.400882757213064,82.259,0.366923001436307,46.7,0.325889741800419,135.4,0.379590692458649,185.1,0.441871568393411,107.8,0.419455252918288,58.6,0.408647140864714,165.4,0.439542917884667,177.5,0.439574046557702,—,,61.8,0.352136752136752,132.9,0.346183902057828,182.8,0.41413683733575,—,,82.5,0.503048780487805,159.4,0.376298394711992,199.4,0.40702184119208,—,,—,,165.2,0.293011706278822,—,,—,,—,,—,
      Southeast Group,,4.65,0.0250191006036867,5.8,0.0432513049962714,3.099,0.0397868789318269,9.493,0.046050780529926,11.468,0.0425663010597034,10.1,0.0636822194199243,10.367,0.0694499340135189,15.593,0.0626275202827536,15.95,0.0537686968423111,15.4,0.0683533067021749,14.369,0.097412986590376,18.883,0.0689714369201549,18.371,0.0637368508701324,23.019,0.0900893496612697,6.167,0.0568345191137981,19.98,0.0638850963552242,30.783,0.0981716592837803,20.262,0.090380309207533,26.2,0.182833217027216,37.8,0.105971404541632,210.8,0.503222726187634,130.4,0.507392996108949,21.5,0.149930264993027,194,0.515546106829657,206.3,0.510896483407627,—,,86.2,0.491168091168091,224,0.583485282625684,231.6,0.524694154961486,—,,55.9,0.340853658536585,239.7,0.565864022662889,269.9,0.550928760971627,—,,—,,370.9,0.657857396239801,—,,—,,—,,—,
      Mid America Group,,82.929,0.446195482572717,66.9,0.498881431767338,7.144,0.0917190910258056,80.177,0.388940633155786,97.387,0.361475790137891,71.9,0.453341740226986,27.621,0.185036811747603,92.772,0.372608241625833,103.801,0.349921285324685,82.4,0.365734576120728,26.285,0.178196141173918,98.537,0.359913068887428,117.957,0.409243248494269,92.616,0.362470794049618,18.255,0.168236443395879,120.874,0.386488845687756,131.331,0.418834492590006,96.458,0.430258802958258,44.9,0.313328681088625,155.4,0.435660218671152,—,,—,,38.1,0.265690376569038,—,,—,,—,,—,,—,,—,,—,,—,,—,,—,,—,,—,,—,,—,,—,,—,,—,
  Magnesia Specialities,,20.043,0.107840394279504,22.4,0.167039522744221,20.178,0.259057645397355,21.224,0.102958155058164,19.391,0.0719744631887609,17.9,0.112862547288777,22.998,0.154066709987741,21.72,0.0872359225640614,22.845,0.0770122808377803,22,0.097647581003107,22.315,0.151281981749895,23.624,0.086288260647235,19.91,0.0690762996475062,23.55,0.0921675218090665,23.889,0.220158882294393,23.842,0.0762336570220848,25.747,0.0821110909131498,25.207,0.112437886397902,25.5,0.17794836008374,28.1,0.0787776843285674,23,0.0549057054189544,18.8,0.0731517509727626,25.2,0.175732217573222,16.9,0.0449109752856763,20,0.0495294700346706,23.4,0.0726256983240223,27.5,0.156695156695157,27,0.0703308153164887,27,0.0611690077027639,24.9,0.0721948390837924,25.6,0.15609756097561,24.5,0.057837582625118,20.6,0.0420493978362931,20,0.0569151963574274,25,0.0830840810900632,27.7,0.0491308974813764,21.4,0.0318974511849754,23,0.0474912244476564,29,0.104693140794224,27,0.0511363636363636
  Corporate,,-0.248,,2.9,,-3.629,,-5.989,,-6.91,,10.4,,-4.023,,-1.549,,-3.334,,0.5,,-0.439,,0.314,,3.446,,3.589,,1.884,,3.168,,-0.579,,3.098,,-0.4,,0.2,,1.7,,1.6,,-1,,4.5,,0.7,,3.2,,-0.8,,0.5,,0.5,,1.8,,-7.9,,1.6,,-2.1,,2.8,,1.9,,-3.4,,5.1,,-0.8,,-5,,-11,
  Cement,,23.64,0.127193879198097,—,,18.985,0.243741173449737,30.414,0.147539075006549,38.244,0.141952007126552,—,,—,,—,,—,,—,,—,,—,,—,,—,,—,,—,,—,,—,,—,,—,,—,,—,,—,,—,,—,,—,,—,,—,,—,,—,,—,,—,,—,,—,,—,,—,,—,,—,,—,,—,
Gross Margin,,—,,—,,—,,—,,—,,—,,—,,—,,—,,—,,—,,—,,—,,—,,—,,—,,—,,—,,—,,—,,—,,—,,—,,—,,—,,—,,—,,—,,—,,—,,—,,—,,—,,—,,—,,—,,—,,—,,—,,—,
  Magnesia Specialities,,—,,—,,—,,—,,—,,—,,—,,—,,—,,—,,—,,—,,—,,—,,3.8,,—,,35,,—,,—,,—,,—,,—,,—,,37.3,,32.8,,—,,38.8,,35.6,,34.4,,—,,33.3,,30,,—,,—,,—,,34.4,,28.3,,—,,—,,34,
  Building Materials Business,,—,,—,,—,,—,,—,,—,,—,,—,,—,,893.1,,—,,—,,—,,—,,—,,—,,25.1,,—,,—,,—,,—,,—,,—,,29.5,,30.4,,—,,16.2,,27.5,,28,,—,,12,,25.6,,—,,—,,—,,30.8,,33.8,,—,,—,,30,
    Products and Services,,—,,—,,—,,—,,—,,—,,—,,—,,—,,—,,—,,—,,—,,—,,—,,—,,—,,—,,—,,—,,—,,—,,—,,31.5,,32.3,,—,,17.3,,29.1,,29.7,,—,,12.7,,27.7,,—,,—,,—,,—,,—,,—,,—,,—,
      West Group,,—,,—,,—,,—,,—,,—,,—,,—,,—,,—,,—,,—,,—,,—,,12.7,,—,,—,,—,,—,,—,,—,,—,,—,,25.8,,26.3,,—,,12.8,,21.1,,24.3,,—,,—,,—,,—,,—,,—,,—,,—,,—,,—,,—,
      Southeast Group,,—,,—,,—,,—,,—,,—,,—,,—,,—,,—,,—,,—,,—,,—,,7.7,,—,,—,,—,,—,,—,,—,,—,,—,,38.8,,40.1,,—,,23.2,,37.5,,37.9,,—,,—,,—,,—,,—,,—,,—,,—,,—,,—,,—,
  Mid America Group,,—,,—,,—,,—,,—,,—,,—,,—,,—,,—,,—,,—,,—,,—,,10.2,,—,,—,,—,,—,,—,,—,,—,,—,,—,,—,,—,,—,,—,,—,,—,,—,,—,,—,,—,,—,,—,,—,,—,,—,,—,
  Corporate,,—,,—,,—,,—,,—,,—,,—,,—,,—,,-3.7,,—,,—,,—,,—,,—,,—,,—,,—,,—,,—,,—,,—,,—,,—,,—,,—,,—,,—,,—,,—,,—,,—,,—,,—,,—,,—,,—,,—,,—,,—,
Gross Profit - Supplementary Breakdown,,—,,—,,74.261,1.0,200.153,1.0,262.505,1.0,174.5,1.0,145.25,1.0,247.431,1.0,293.307,1.0,225.8,1.0,147.067,1.0,274.094,1.0,291.678,1.0,259.102,1.0,110.392,1.0,315.917,1.0,312.984,1.0,227.284,1.0,142.9,1.0,356.9,1.0,420.6,1.0,258.6,1.0,142.4,1.0,380.5,1.0,404.5,1.0,325.4,1.0,174.7,1.0,385.1,1.0,441.9,1.0,346.7,1.0,156.1,1.0,425.2,1.0,487.8,1.0,354.2,1.0,302.8,1.0,—,,676,1.0,483.5,1.0,284,1.0,517,1.0
  Building Materials Business,,—,,—,,38.727,0.497201181152908,154.504,0.749502769935287,211.78,0.786073529684687,146.2,0.890920170627666,126.275,0.84593329001226,227.26,0.912764077435939,273.796,0.92298771916222,203.3,0.902352418996893,125.191,0.848718018250105,250.156,0.913711739352765,268.322,0.930923700352494,231.963,0.907832478190933,84.619,0.779841117705607,288.907,0.923766342977915,287.816,0.91788890908685,198.979,0.887562113602098,117.8,0.82205163991626,328.6,0.921222315671433,395.9,0.945094294581045,238.2,0.926848249027237,118.2,0.824267782426778,359.1,0.955053191489362,383.8,0.950470529965329,298.8,0.927374301675978,148,0.843304843304843,357.6,0.929797191887676,414.4,0.938830992297236,320,0.927805160916208,138.4,0.84390243902439,399.1,0.942162417374882,469.3,0.957950602163707,331.4,0.943084803642573,275.9,0.916915918909937,—,,649.5,0.968102548815025,461.3,0.952508775552344,248,0.873239436619718,501,0.948863636363636
    Aggregates,,—,,—,,41.417,0.531737065091796,137.272,0.665909906763299,166.166,0.616765955867342,111.2,0.677635588056063,82.036,0.549570250480663,165.044,0.662880552654832,173.891,0.58620015439538,137.3,0.609409675987572,78.954,0.535259582661044,173.012,0.631938052450873,187.065,0.649008437647451,160.637,0.628684254812867,53.002,0.488461680244775,198.54,0.634822173692002,209.082,0.666794232737919,146.471,0.653345882436905,98,0.683879972086532,251.5,0.705074292122231,287.1,0.685366435903557,171.4,0.666926070038911,93.4,0.651324965132496,268,0.712765957446808,279.1,0.691183754333829,208.2,0.646182495344507,121.8,0.694017094017094,273,0.709828393135725,292.9,0.663570457634798,217.1,0.62945781385909,101.9,0.621341463414634,309,0.729461756373938,330.3,0.674219228413962,239,0.680136596471258,238.1,0.791292788301762,—,,440.6,0.656729765985989,328.6,0.678505058847822,239,0.841549295774648,392,0.742424242424243
    Cement and Ready Mixed Concrete,,—,,—,,—,,—,,—,,—,,—,,—,,—,,—,,—,,—,,—,,—,,—,,—,,—,,—,,—,,—,,—,,—,,—,,—,,—,,—,,—,,—,,—,,—,,—,,—,,—,,—,,—,,—,,—,,—,,31,0.109154929577465,72,0.136363636363636
    Asphalt & Paving,,—,,—,,—,,—,,—,,—,,-6.276,-0.0420437721490156,12.867,0.0516788497068038,30.247,0.101965001466419,16.2,0.0719041278295606,-4.74,-0.0321342860629398,20.314,0.0741982613777486,28.873,0.100172777484804,20.248,0.0792445002798292,-7.639,-0.0704003391455008,18.512,0.0591912364228183,25.606,0.0816614205119864,16.1,0.0718153675965493,-8.3,-0.057920446615492,15.7,0.0440145780768152,31.1,0.0742420625447601,12.2,0.0474708171206226,-8.1,-0.0564853556485356,21.9,0.0582446808510638,32.6,0.0807330361565131,13.9,0.0431409062693979,-8.2,-0.0467236467236467,28.7,0.0746229849193968,38.9,0.0881286814680562,19.8,0.0574079443316904,-13.3,-0.0810975609756098,26.4,0.0623229461756374,50.5,0.103082261686058,18.4,0.0523619806488332,-20.5,-0.0681289464938518,—,,66.1,0.0985243702489194,26.9,0.0555440842453025,-22,-0.0774647887323944,37,0.0700757575757576
    Freight,,—,,—,,—,,—,,—,,—,,—,,—,,—,,—,,0.407,0.0027592097948558,0.621,0.00226824457593688,1.012,0.00351106053456937,0.562,0.0021994966987981,-0.119,-0.00109669333136727,0.598,0.00191207645747868,-0.047,-0.000149890133721134,-0.173,-0.000771680658025033,-0.2,-0.00139567341242149,0.2,0.0005606952621250349,0.2,0.00047744091668656,-0.6,-0.00233463035019455,-0.3,-0.00209205020920502,-0.3,-0.000797872340425532,0.9,0.00222882615156018,0.1,0.000310366232153942,-0.3,-0.00170940170940171,0.7,0.00182007280291212,1.3,0.00294517444494789,1.6,0.00463902580458104,1.4,0.00853658536585366,-1.7,-0.00401322001888574,2.1,0.00428658909981629,0.3,0.000853727945361411,—,,—,,—,,—,,—,,—,
    Cement,,—,,—,,18.985,0.243741173449737,30.414,0.147539075006549,38.244,0.141952007126552,15.8,0.0962827544180378,32.615,0.21849229264502,24.048,0.0965860711703751,36.871,0.124295023277295,26.7,0.118508655126498,30.78,0.208669477851748,29.369,0.107272262400468,27.459,0.0952670071331427,29.413,0.11511351672909,23.734,0.218730416190511,41.305,0.13207076601364,32.543,0.10378456641887,28.631,0.127710918612224,13.8,0.096301465457083,42.2,0.118306700308382,48.5,0.115779422296491,38.9,0.15136186770428,27.3,0.190376569037657,43.4,0.115425531914894,46.5,0.115156017830609,53.7,0.166666666666667,15.3,0.0871794871794872,36.1,0.093863754550182,49.9,0.113049388309923,55.8,0.161786024934764,27.3,0.166463414634146,51.1,0.120632672332389,67.7,0.138191467646458,58.2,0.165623221400114,47.1,0.156530408773679,—,,108.7,0.16202116559845,84.5,0.174478628948999,—,,—,
    Road Paving,,—,,—,,-3.311,-0.0425086660675311,—,,11.263,0.041805393166676,6,0.036563071297989,—,,—,,—,,—,,—,,—,,—,,—,,—,,—,,—,,—,,—,,—,,—,,—,,—,,—,,—,,—,,—,,—,,—,,—,,—,,—,,—,,—,,—,,—,,—,,—,,—,,—,
    Asphalt,,—,,—,,-1.463,-0.0187828989600719,7.891,0.0382794384453435,10.794,0.0400645843772619,4.5,0.0274223034734918,—,,—,,—,,—,,—,,—,,—,,—,,—,,—,,—,,—,,—,,—,,—,,—,,—,,—,,—,,—,,—,,—,,—,,—,,—,,—,,—,,—,,—,,—,,—,,—,,—,,—,
    Ready Mixed Concrete,,—,,—,,2.084,0.0267556810887149,9.341,0.0453134247266447,23.557,0.0874375962734072,8.7,0.0530164533820841,17.9,0.119914519035593,25.301,0.101618603903928,32.787,0.110527540023126,23.1,0.102529960053262,19.79,0.134164034005396,26.84,0.098034918547739,23.913,0.0829644175525271,21.103,0.0825907096703495,15.641,0.144146053747189,29.952,0.0957700903919757,20.632,0.0657985795517966,7.95,0.0354616256144452,14.5,0.101186322400558,19,0.0532660499018783,29,0.0692289329195512,16.3,0.0634241245136187,5.9,0.0411436541143654,26.1,0.0694148936170213,24.7,0.0611688954928182,22.9,0.0710738671632526,19.4,0.110541310541311,19.1,0.0496619864794592,31.4,0.0711372904395106,25.7,0.0745143519860829,21.1,0.128658536585366,14.3,0.0337582625118036,18.7,0.0381710553174117,15.5,0.0441092771770063,11.2,0.0372216683283483,—,,34.1,0.0508272469816664,21.3,0.0439810035102209,—,,—,
  Magnesia Specialities,,—,,—,,20.178,0.259057645397355,21.224,0.102958155058164,19.391,0.0719744631887609,17.9,0.109079829372334,22.998,0.154066709987741,21.72,0.0872359225640614,22.845,0.0770122808377803,22,0.097647581003107,22.315,0.151281981749895,23.624,0.086288260647235,19.91,0.0690762996475062,23.55,0.0921675218090665,23.889,0.220158882294393,23.842,0.0762336570220848,25.747,0.0821110909131498,25.207,0.112437886397902,25.5,0.17794836008374,28.1,0.0787776843285674,23,0.0549057054189544,18.8,0.0731517509727626,25.2,0.175732217573222,16.9,0.0449468085106383,20,0.0495294700346706,23.4,0.0726256983240223,27.5,0.156695156695157,27,0.0702028081123245,27,0.0611690077027639,24.9,0.0721948390837924,25.6,0.15609756097561,24.5,0.057837582625118,20.6,0.0420493978362931,20,0.0569151963574274,25,0.0830840810900632,—,,21.4,0.0318974511849754,23,0.0474912244476564,36,0.126760563380282,27,0.0511363636363636
  Corporate,,—,,—,,-3.629,,-5.989,,-6.91,,10.4,,-4.023,,-1.549,,-3.334,,0.5,,-0.439,,0.314,,3.446,,3.589,,1.884,,3.168,,-0.579,,3.098,,-0.4,,0.2,,1.7,,1.6,,-1,,4.5,,0.7,,3.2,,-0.8,,0.5,,0.5,,1.8,,-7.9,,1.6,,-2.1,,2.8,,1.9,,—,,5.1,,-0.8,,—,,-11,
Operating Income,,115.956,1.0,96.1,1.0,25.571,1.0,136.984,1.0,179.498,1.0,137.4,1.0,86.023,1.0,190.848,1.0,242.669,1.0,157.7,1.0,77.15,1.0,212.852,1.0,226.964,1.0,183.4,1.0,39.081,1.0,263.953,1.0,240.662,1.0,147.041,1.0,69.2,1.0,285.9,1.0,345.3,1.0,184.6,1.0,57.8,1.0,306.4,1.0,400.6,1.0,240.6,1.0,99.3,1.0,307.5,1.0,356.9,1.0,210,1.0,59.9,1.0,478.6,1.0,405.9,1.0,262.3,1.0,196.1,1.0,463.3,1.0,566.6,1.0,370.2,1.0,1421,1.0,398,1.0
  Building Materials Business,,163.629,0.81976814091902,85.4,0.811787072243346,8.748,0.225661662281381,120.889,0.745731240901128,180.794,0.901499890300576,118.6,0.821898821898822,87.527,0.809408435595587,191.763,0.908657126611069,238.667,0.921142111702477,161.5,0.894736842105263,84.689,0.809878550253419,212.188,0.909483682374221,220.639,0.926163481356174,189.1,0.900905192949023,43.159,0.670212435555003,263.605,0.92514406845094,238.806,0.911101191498129,145.21,0.867412159659749,72,0.7610993657505289,284.6,0.918657198192382,347.6,0.945335871634485,190,0.924124513618677,57.5,0.726010101010101,303.1,0.958267467594056,393.7,0.960009753718605,239.1,0.924593967517401,93.6,0.79931682322801,299.6,0.928416485900217,356.4,0.939130434782609,257.4,0.924901185770751,71,0.767567567567568,485.1,0.95983379501385,399.1,0.960298363811357,273,0.942028985507246,203.6,0.908117752007137,467.1,0.952487765089723,578.2,0.971601411527474,385.4,0.962056914628058,1427,0.983459682977257,420,0.943820224719101
    Products and Services,,—,,—,,—,,—,,—,,—,,87.527,0.809408435595587,191.763,0.908657126611069,238.667,0.921142111702477,161.5,0.894736842105263,84.689,0.809878550253419,212.188,0.909483682374221,220.639,0.926163481356174,189.1,0.900905192949023,43.159,0.670212435555003,263.605,0.92514406845094,238.806,0.911101191498129,145.21,0.867412159659749,72,0.7610993657505289,284.6,0.918657198192382,347.6,0.945335871634485,190,0.924124513618677,57.5,0.726010101010101,303.1,0.958267467594056,393.7,0.960009753718605,239.1,0.924593967517401,93.6,0.79931682322801,299.6,0.928416485900217,356.4,0.939130434782609,257.4,0.924901185770751,71,0.767567567567568,485.1,0.95983379501385,399.1,0.960298363811357,273,0.942028985507246,203.6,0.908117752007137,467.1,0.952487765089723,578.2,0.971601411527474,385.4,0.962056914628058,1427,0.983459682977257,420,0.943820224719101
      Southeast Group,,0.329,0.00164826356185247,1.8,0.0171102661596958,-1.548,-0.0399318990868287,4.818,0.0297209267895477,7.576,0.0377764924107944,5.6,0.0388080388080388,7.027,0.0649823834580208,11.614,0.0550322213798332,11.938,0.0460750523931007,11.1,0.0614958448753463,10.115,0.0967294635172612,14.334,0.0614386256675782,17.882,0.075062230039164,18.9,0.0900428775607432,2.041,0.0316945151872787,32.052,0.112489208027122,26.372,0.10061539752849,15.377,0.0918545332903241,21.1,0.223044397463002,32.7,0.105551969012266,190.8,0.518901278215937,110.8,0.538910505836576,14,0.176767676767677,169.9,0.537148276952261,181.4,0.442331138746647,136,0.525908739365816,61.7,0.526900085397097,197.8,0.612953207313294,205.8,0.542292490118577,156.3,0.561624146604384,28,0.302702702702703,210.6,0.416699643846458,239.4,0.576034648700674,162.2,0.559696342305038,108.9,0.485727029438002,227.5,0.463907014681892,295.2,0.496051083851454,225.5,0.562905641537694,128,0.0882150241212956,249,0.559550561797753
      West Group,,92.115,0.461488747720487,28.1,0.267110266159696,14.499,0.374013310633029,49.177,0.303359488735905,87.525,0.436429184035742,54.5,0.377685377685378,65.806,0.608542866918816,99.357,0.470797005307051,134.559,0.519334308507559,79.7,0.441551246537396,61.232,0.585559912020656,112.491,0.482160767404182,96.522,0.405164778427479,90.3,0.430204859456884,34.951,0.542751102552954,122.844,0.431131419907768,92.09,0.351345061368067,45.915,0.274273323536791,20.3,0.214587737843552,110.6,0.357004519044545,156.8,0.426434593418548,79.2,0.385214007782101,22.7,0.286616161616162,133.2,0.421119190641796,212.3,0.517678614971958,103.1,0.398685228151585,31.9,0.272416737830914,101.8,0.315463278586923,150.6,0.396837944664032,101.1,0.363277039166367,43,0.464864864864865,274.5,0.543134151167392,159.7,0.384263715110683,110.8,0.382332643202208,94.7,0.422390722569135,239.6,0.48858075040783,283,0.475550327676021,159.9,0.399151273090365,1299,0.895244658855961,171,0.384269662921348
      Mid America Group,,71.185,0.356631129636681,55.5,0.527566539923954,-4.203,-0.10841974926482,66.894,0.412650825375675,85.693,0.42729421385404,58.5,0.405405405405405,14.694,0.13588318521875,80.792,0.382827899924185,92.17,0.355732750801817,70.7,0.391689750692521,13.342,0.127589174715502,85.363,0.365884289302461,106.235,0.445936472889531,79.9,0.380657455931396,6.167,0.0957668178147711,108.709,0.381523440516049,120.344,0.459140732601571,83.918,0.501284302832634,30.6,0.323467230443975,141.3,0.456100710135571,—,,—,,20.8,0.262626262626263,—,,—,,—,,—,,—,,—,,—,,—,,—,,—,,—,,—,,—,,—,,—,,—,,—,
  Magnesia Specialities,,17.697,0.0886605478848119,19.8,0.188212927756654,17.789,0.458881494092762,18.751,0.115669800379994,16.996,0.0847477910525161,15.3,0.106029106029106,20.61,0.190591564404413,19.277,0.091342873388931,20.432,0.0788578882975234,19,0.105263157894737,19.881,0.190121449746581,21.118,0.090516317625779,17.59,0.0738365186438259,20.8,0.0990948070509767,21.237,0.329787564444997,21.329,0.0748559315490605,23.301,0.0888988085018714,22.196,0.132587840340251,22.6,0.238900634249471,25.2,0.0813428018076178,20.1,0.0546641283655154,15.6,0.075875486381323,21.7,0.273989898989899,13.2,0.0417325324059437,16.4,0.0399902462813948,19.5,0.0754060324825986,23.5,0.20068317677199,23.1,0.0715835140997831,23.1,0.0608695652173913,20.9,0.075098814229249,21.5,0.232432432432432,20.3,0.0401662049861496,16.5,0.0397016361886429,16.8,0.0579710144927536,20.6,0.0918822479928635,23.3,0.0475122349102773,16.9,0.0283985884725256,15.2,0.0379430853719421,24,0.0165403170227429,25,0.0561797752808989
    Magnesia Specialties,,—,,—,,—,,—,,—,,—,,—,,—,,—,,—,,—,,—,,—,,—,,—,,—,,—,,—,,—,,—,,—,,—,,—,,—,,—,,—,,—,,—,,—,,—,,—,,—,,—,,—,,—,,—,,—,,—,,—,,25,0.0561797752808989
  Corporate,,-83.648,,-9.1,,-13.195,,-25.124,,-21.05,,-6.9,,-22.114,,-20.192,,-16.43,,-22.8,,-27.42,,-20.454,,-11.265,,-26.5,,-25.315,,-20.981,,-21.445,,-20.365,,-25.4,,-23.9,,-22.4,,-21,,-21.4,,-9.9,,-9.5,,-18,,-17.8,,-15.2,,-22.6,,-68.3,,-32.6,,-26.8,,-9.7,,-27.5,,-28.1,,-27.1,,-28.5,,-30.4,,-30,,-47,
  Cement,,18.278,0.0915713111961684,—,,12.229,0.315456843625858,22.468,0.138598958718879,2.758,0.0137523186469075,10.4,0.0720720720720721,—,,—,,—,,—,,—,,—,,—,,—,,—,,—,,—,,—,,—,,—,,—,,—,,—,,—,,—,,—,,—,,—,,—,,—,,—,,—,,—,,—,,—,,—,,—,,—,,—,,—,
Adjusted Revenue,,917.942,1.0,779.5,1.0,631.876,1.0,850.249,1.0,1678.682,1.0,720.7,1.0,733.96,1.0,915.436,1.0,1038.344,1.0,889,1.0,792.316,1.0,996.843,1.0,1022.487,1.0,970.478,1.0,753.305,1.0,1128.777,1.0,1142.218,1.0,956.3,1.0,878.3,1.0,1196.1,1.0,1323.2,1.0,—,,891,1.0,1189.5,1.0,1240.7,1.0,—,,921.9,1.0,1295.3,1.0,—,,—,,1147.8,1.0,1523.8,1.0,—,,—,,—,,—,,—,,—,,—,,—,
  Magnesia Specialities,,58.672,0.0639168923526759,58.2,0.0746632456703015,58.754,0.0929834334584634,60.457,0.0711050527551341,590.288,0.351637772967125,51,0.0707645344803663,59.505,0.0810739004850401,58.866,0.0643037853001193,60.244,0.0580193076668233,59.4,0.0668166479190101,64.302,0.0811570131109305,65.728,0.0659361604585677,59.889,0.058571893823589,67.481,0.0695337761391809,64.869,0.0861125307810249,68.157,0.0603812799162279,68.365,0.0598528477050791,67.3,0.0703754052075709,69.2,0.0787885688261414,70.4,0.0588579550204832,59.3,0.0448155985489722,—,,59.9,0.0672278338945006,48.9,0.041109709962169,55.2,0.0444910131377448,—,,65.3,0.0708319774379,70,0.0540415347795878,—,,—,,70.8,0.0616832200731835,74.6,0.0489565559784749,—,,—,,—,,—,,—,,—,,—,,—,
  Building Materials Business,,749.749,0.816771647881892,621.3,0.797049390635022,476.557,0.754193860820794,689.387,0.810806010945029,977.875,0.582525457471993,669.7,0.929235465519634,674.455,0.91892609951496,856.57,0.935696214699881,978.1,0.941980692333176,829.6,0.93318335208099,728.014,0.91884298688907,931.115,0.934063839541432,962.598,0.941428106176411,902.997,0.930466223860819,688.436,0.913887469218975,1060.62,0.939618720083772,1073.853,0.940147152294921,889,0.929624594792429,809.1,0.921211431173859,1125.7,0.941142044979517,1263.9,0.955184401451028,—,,831.1,0.9327721661055,1140.6,0.958890290037831,1185.5,0.955508986862255,—,,856.6,0.9291680225621,1225.3,0.945958465220412,—,,—,,1077,0.938316779926817,1449.2,0.951043444021525,—,,—,,—,,—,,—,,—,,—,,—,
    Products and Services,,—,,—,,—,,—,,—,,669.7,0.929235465519634,674.455,0.91892609951496,856.57,0.935696214699881,978.1,0.941980692333176,829.6,0.93318335208099,728.014,0.91884298688907,931.115,0.934063839541432,962.598,0.941428106176411,902.997,0.930466223860819,688.436,0.913887469218975,1060.62,0.939618720083772,1073.853,0.940147152294921,889,0.929624594792429,809.1,0.921211431173859,1125.7,0.941142044979517,1263.9,0.955184401451028,—,,831.1,0.9327721661055,1140.6,0.958890290037831,1185.5,0.955508986862255,—,,856.6,0.9291680225621,1225.3,0.945958465220412,—,,—,,1077,0.938316779926817,1449.2,0.951043444021525,—,,—,,—,,—,,—,,—,,—,,—,
      West Group,,437.398,0.476498515156731,359.5,0.46119307248236,287.082,0.454332812134026,375.489,0.441622395321841,633.345,0.377287062111823,379.8,0.526987650894963,433.799,0.591039021200065,514.906,0.562470778951232,622.265,0.599285978442597,518.2,0.582902137232846,463.881,0.585474734828023,572.663,0.574476622697857,584.086,0.571240514549329,552.98,0.569801685355052,442.983,0.588052647997823,625.96,0.55454708946054,603.763,0.528588237972086,495.7,0.518351981595734,464.2,0.52852100648981,611.8,0.511495694339938,724.1,0.547233978234583,—,,473.2,0.531088664421998,640.9,0.53879781420765,671.4,0.541146127186266,—,,484.1,0.525111183425534,628.8,0.485447386705782,—,,—,,682.4,0.594528663530232,816.8,0.536028350177189,—,,—,,—,,—,,—,,—,,—,,—,
      Southeast Group,,68.042,0.0741245089559035,60.8,0.0779987171263631,59.77,0.0945913438712659,76.483,0.0899536488722715,79.933,0.0476165229626576,70.8,0.0982378243374497,67.284,0.0916725707123004,82.676,0.0903132496427932,80.044,0.0770881326419761,74.4,0.0836895388076491,86.726,0.109458852276112,88.538,0.0888183996878144,91.427,0.0894162957573055,85.081,0.0876691692135216,77.563,0.102963607038318,109.082,0.0966373340349777,121.661,0.106512942363017,101.3,0.105929101746314,115.3,0.131276329272458,132,0.110358665663406,539.8,0.407950423216445,—,,357.9,0.401683501683502,499.7,0.420092475830181,514.1,0.414362859675989,—,,372.5,0.404056839136566,596.5,0.46051107851463,—,,—,,394.6,0.343788116396585,632.4,0.415015093844337,—,,—,,—,,—,,—,,—,,—,,—,
      Mid America Group,,244.309,0.266148623769258,201,0.257857601026299,129.705,0.205269704815502,237.415,0.279229966750916,264.597,0.157621872397512,219.1,0.304009990287221,173.372,0.236214507602594,258.988,0.282912186105856,275.791,0.265606581248604,237,0.266591676040495,177.407,0.223909399784934,269.914,0.270768817155761,287.085,0.280771295869776,264.936,0.272995369292246,167.89,0.222871214182834,325.578,0.288434296588254,348.429,0.305045971959819,292,0.305343511450382,229.6,0.261414095411591,381.9,0.319287684976172,—,,—,,—,,—,,—,,—,,—,,—,,—,,—,,—,,—,,—,,—,,—,,—,,—,,—,,—,,—,
  Cement,,109.521,0.119311459765432,100,0.128287363694676,96.565,0.152822705720743,100.405,0.118088936299837,110.519,0.0658367695608817,—,,—,,—,,—,,—,,—,,—,,—,,—,,—,,—,,—,,—,,—,,—,,—,,—,,—,,—,,—,,—,,—,,—,,—,,—,,—,,—,,—,,—,,—,,—,,—,,—,,—,,—,
Goodwill,,2027.718,1.0,2068.799,1.0,—,,—,,1202.969,1.0,2086.869,1.0,—,,—,,—,,2159.337,1.0,2159.398,1.0,—,,—,,2160.29,1.0,—,,—,,—,,2399.1,1.0,—,,—,,—,,2396.8,1.0,—,,—,,—,,—,,—,,—,,—,,—,,3392,1.0,—,,—,,—,,—,,—,,—,,—,,—,,—,
  Building Materials Business,,1184.899,0.584350979771349,1184.899,0.572747279943581,—,,—,,1202.969,1.0,1202.969,0.576446820571871,—,,—,,—,,2159.337,1.0,2159.398,1.0,—,,—,,2160.29,1.0,—,,—,,—,,2399.1,1.0,—,,—,,—,,2396.8,1.0,—,,—,,—,,—,,—,,—,,—,,—,,3392,1.0,—,,—,,—,,—,,—,,—,,—,,—,,—,
    Products and Services,,—,,—,,—,,—,,—,,—,,—,,—,,—,,2159.337,1.0,2159.398,1.0,—,,—,,2160.29,1.0,—,,—,,—,,2399.1,1.0,—,,—,,—,,2396.8,1.0,—,,—,,—,,—,,—,,—,,—,,—,,3392,1.0,—,,—,,—,,—,,—,,—,,—,,—,,—,
      West Group,,852.436,0.420391790179897,852.436,0.412043895999563,—,,—,,871.22,0.724224813773256,852.436,0.408476047130893,—,,—,,—,,1827.588,0.846365342695466,1827.649,0.846369682661557,—,,—,,1828.541,0.846433117775854,—,,—,,—,,1823,0.759868283939811,—,,—,,—,,1822.5,0.760388851802403,—,,—,,—,,—,,—,,—,,—,,—,,2627.6,0.774646226415094,—,,—,,—,,—,,—,,—,,—,,—,,—,
      Southeast Group,,50.346,0.0248288963258205,50.346,0.0243358586310222,—,,—,,50.346,0.0418514525311957,50.346,0.0241251367479224,—,,—,,—,,50.346,0.0233154898934256,50.346,0.0233148312631576,—,,—,,50.346,0.0233052043938545,—,,—,,—,,144.2,0.0601058730357217,—,,—,,—,,574.3,0.239611148197597,—,,—,,—,,—,,—,,—,,—,,—,,764.4,0.225353773584906,—,,—,,—,,—,,—,,—,,—,,—,,—,
      Mid America Group,,282.117,0.139130293265632,282.117,0.136367525312996,—,,—,,281.403,0.233923733695548,282.117,0.135186731893569,—,,—,,—,,281.403,0.130319167411108,281.403,0.130315486075286,—,,—,,281.403,0.130261677830291,—,,—,,—,,431.9,0.180025843024468,—,,—,,—,,—,,—,,—,,—,,—,,—,,—,,—,,—,,—,,—,,—,,—,,—,,—,,—,,—,,—,,—,
  Cement,,842.819,0.415649020228651,883.9,0.427252720056419,—,,—,,—,,883.9,0.423553179428129,—,,—,,—,,—,,—,,—,,—,,—,,—,,—,,—,,—,,—,,—,,—,,—,,—,,—,,—,,—,,—,,—,,—,,—,,—,,—,,—,,—,,—,,—,,—,,—,,—,,—,
Assets,,7338.858,1.0,7464.517,1.0,7177.32,1.0,7260.4,1.0,7308.43,1.0,6961.732,1.0,—,,—,,—,,7300.905,1.0,—,,—,,—,,8992.511,1.0,—,,—,,—,,9551.4,1.0,—,,—,,10223.485,1.0,10131.6,1.0,—,,—,,10435.4,1.0,—,,—,,—,,13786.2,1.0,—,,—,,—,,—,,—,,—,,—,,—,,—,,—,,—,
  Magnesia Specialities,,150.068,0.0214253417471074,190.359,0.0265070978154088,147.745,0.022032886258142,148.296,0.0217226639706204,147.217,0.0223237593358114,147.795,0.0224027878620681,—,,—,,—,,150.969,0.0213943779334739,—,,—,,—,,152.257,0.0208123652982442,—,,—,,—,,156.1,0.0169054658479266,—,,—,,163.095,0.0164619142795486,176.2,0.0179453491806451,—,,—,,163.5,0.0164690713861217,—,,—,,—,,169.6,0.0156185248966286,—,,—,,—,,—,,—,,—,,—,,—,,—,,—,,—,
  Building Materials Business,,3815.359,0.544722195690632,4539.277,0.632084952380687,4376.12,0.652601131760671,4503.878,0.659736124768504,4603.748,0.698105262264026,4509.579,0.683562648832757,—,,—,,—,,6905.511,0.978605622066526,—,,—,,—,,7163.442,0.979187634701756,—,,—,,—,,9077.6,0.983094534152073,—,,—,,9744.319,0.983538085720451,9642.5,0.982054650819355,—,,—,,9764.2,0.983530928613878,—,,—,,—,,10689.3,0.984381475103371,—,,—,,—,,—,,—,,—,,—,,—,,—,,—,,—,
    Products and Services,,—,,—,,—,,—,,—,,—,,—,,—,,—,,6905.511,0.978605622066526,—,,—,,—,,7163.442,0.979187634701756,—,,—,,—,,9077.6,0.983094534152073,—,,—,,9744.319,0.983538085720451,9642.5,0.982054650819355,—,,—,,9764.2,0.983530928613878,—,,—,,—,,10689.3,0.984381475103371,—,,—,,—,,—,,—,,—,,—,,—,,—,,—,,—,
      West Group,,1897.626,0.270925750714318,2444.4,0.340377654326747,2490.726,0.371436479462567,2559.411,0.374907112233031,2659.024,0.403210307533414,2621.636,0.397387970902675,—,,—,,—,,4904.018,0.6949666122486,—,,—,,—,,5014.231,0.68540695837814,—,,—,,—,,4989.6,0.540368433022515,—,,—,,5392.587,0.544298138747407,5321.9,0.542016763930052,—,,—,,5390.3,0.54295556876215,—,,—,,—,,5613.4,0.516940021549144,—,,—,,—,,—,,—,,—,,—,,—,,—,,—,,—,
      Southeast Group,,604.261,0.0862708800640299,804.044,0.111961467311199,597.461,0.0890980422801163,601.13,0.0880546002094396,597.018,0.0905308908016565,583.369,0.0884271589181422,—,,—,,—,,594.967,0.0843149842414348,—,,—,,—,,616.344,0.0842495023373706,—,,—,,—,,1299.5,0.140734483468165,—,,—,,1447.293,0.146081813074532,4320.6,0.440037886889303,—,,—,,4373.9,0.440575359851728,—,,—,,—,,5075.9,0.467441453554227,—,,—,,—,,—,,—,,—,,—,,—,,—,,—,,—,
      Mid America Group,,1313.472,0.187525564912284,1290.833,0.179745830742742,1287.933,0.192066610017988,1343.337,0.196774412326033,1347.706,0.204364063928956,1304.574,0.19774751901194,—,,—,,—,,1406.526,0.199324025576491,—,,—,,—,,1532.867,0.209531173986245,—,,—,,—,,2788.5,0.301991617661392,—,,—,,2904.439,0.293158133898513,—,,—,,—,,—,,—,,—,,—,,—,,—,,—,,—,,—,,—,,—,,—,,—,,—,,—,,—,
  Corporate,,334.629,,283.082,,471.662,,433.613,,713.797,,364.562,,—,,—,,—,,244.425,,—,,—,,—,,1676.812,,—,,—,,—,,317.7,,—,,—,,316.071,,312.9,,—,,—,,507.7,,—,,—,,—,,2927.3,,—,,—,,—,,—,,—,,—,,—,,—,,—,,—,,—,
  Cement,,3038.802,0.433852462562261,2451.799,0.341407949803904,2181.793,0.325365981981187,2174.613,0.318541211260876,1843.668,0.279570978400163,1939.796,0.294034563305175,—,,—,,—,,—,,—,,—,,—,,—,,—,,—,,—,,—,,—,,—,,—,,—,,—,,—,,—,,—,,—,,—,,—,,—,,—,,—,,—,,—,,—,,—,,—,,—,,—,,—,
Shipments/Sales (in Short Tons),,—,,—,,—,,—,,—,,—,,—,,—,,—,,—,,—,,—,,—,,—,,—,,—,,—,,—,,—,,—,,—,,—,,—,,—,,—,,—,,—,,—,,—,,—,,—,,—,,—,,—,,—,,—,,—,,—,,—,,—,
  Products and Services,,—,,—,,—,,—,,—,,—,,—,,—,,—,,—,,—,,—,,—,,—,,—,,—,,—,,—,,—,,—,,56700,,—,,—,,—,,51800,,—,,37100,,—,,57000,,—,,42100,,—,,60200,,—,,—,,—,,—,,—,,—,,—,
  West Group,,14764,,12665,,11332,,13919,,15553,,12408,,15279,,16700,,17901,,15324,,14845,,17707,,17085,,15094,,14142,,18106,,16979,,14967,,15200,,18400,,19700,,15500,,15600,,18200,,18100,,16000,,14400,,17500,,19900,,20900,,19100,,22800,,23000,,18900,,—,,—,,—,,—,,—,,—,
  Southeast Group,,4953,,4358,,4090,,5274,,5406,,4710,,4318,,5375,,5109,,4594,,5028,,5203,,5349,,4849,,4405,,6411,,5682,,5744,,6400,,7200,,37000,,28400,,6200,,33000,,33700,,29200,,22700,,35400,,37100,,33300,,23000,,35000,,37200,,28800,,—,,—,,—,,—,,—,,—,
  Mid America Group,,20971,,16800,,10101,,19048,,21842,,17332,,12922,,20088,,21799,,18269,,12738,,20513,,21371,,17915,,11473,,23843,,22533,,21517,,15800,,27600,,—,,—,,16500,,—,,—,,—,,—,,—,,—,,—,,—,,—,,—,,—,,—,,—,,—,,—,,—,,—,
SG&A,,48.427,1.0,50,1.0,49.45,1.0,56.783,1.0,54.887,1.0,57.1,1.0,58.349,1.0,59.8,1.0,54.773,1.0,68.7,1.0,69.535,1.0,68.373,1.0,57.219,1.0,67,1.0,70.121,1.0,71.07,1.0,68.441,1.0,70.922,1.0,78.3,1.0,72.4,1.0,78.2,1.0,73.7,1.0,78.7,1.0,71.2,1.0,71.1,1.0,305.9,1.0,79.8,1.0,82.4,1.0,86,1.0,102.9,1.0,97.1,1.0,104.1,1.0,94.9,1.0,—,,—,,—,,—,,—,,—,,—,
  Magnesia Specialities,,2.379,0.0512870262579226,2.5,0.0611246943765281,2.366,0.0563548018292683,2.391,0.0557342657342657,2.351,0.0544149982640898,2.4,0.0524017467248908,2.326,0.0551041197792045,2.433,0.0554113145668215,2.387,0.056918711400434,2.5,0.0529661016949153,2.388,0.0526478239781295,2.429,0.0522702819023026,2.329,0.0531577385707438,2.4,0.0504201680672269,2.602,0.0562229904926534,2.505,0.0516335154076059,2.404,0.0505498664760182,2.487,0.0499788991378791,2.9,0.0546139359698682,2.8,0.0544747081712062,2.8,0.0524344569288389,2.8,0.0515653775322284,3.5,0.0568181818181818,3.4,0.056198347107438,3.6,0.0574162679425837,14.1,0.0566265060240964,3.7,0.0604575163398693,3.7,0.0581761006289308,3.8,0.0589147286821705,3.8,0.0521978021978022,4,0.0539811066126856,4,0.053763440860215,4,0.0540540540540541,—,,—,,—,,—,,—,,—,,—,
  Building Materials Business,,28.193,0.607791143879619,32,0.78239608801956,32.943,0.78465605945122,33.862,0.789324009324009,34.045,0.787987501446592,36.9,0.805676855895197,39.885,0.944895880220795,41.475,0.944588685433179,39.55,0.943081288599566,44.7,0.947033898305085,42.97,0.94735217602187,44.041,0.947729718097697,41.484,0.946842261429256,45.2,0.949579831932773,43.678,0.943777009507347,46.01,0.948366484592394,45.153,0.949450133523982,47.274,0.950021100862121,50.2,0.945386064030132,48.6,0.945525291828794,50.6,0.947565543071161,51.5,0.948434622467772,58.1,0.943181818181818,57.1,0.943801652892562,59.1,0.942583732057416,234.9,0.943373493975904,57.5,0.939542483660131,59.9,0.941823899371069,60.7,0.941085271317829,69,0.947802197802198,70.1,0.946018893387314,70.4,0.946236559139785,70,0.945945945945946,—,,—,,—,,—,,—,,—,,—,
    Products and Services,,—,,—,,—,,—,,—,,—,,39.885,0.944895880220795,41.475,0.944588685433179,39.55,0.943081288599566,44.7,0.947033898305085,42.97,0.94735217602187,44.041,0.947729718097697,41.484,0.946842261429256,45.2,0.949579831932773,43.678,0.943777009507347,46.01,0.948366484592394,45.153,0.949450133523982,47.274,0.950021100862121,50.2,0.945386064030132,48.6,0.945525291828794,50.6,0.947565543071161,51.5,0.948434622467772,58.1,0.943181818181818,57.1,0.943801652892562,59.1,0.942583732057416,234.9,0.943373493975904,57.5,0.939542483660131,59.9,0.941823899371069,60.7,0.941085271317829,69,0.947802197802198,70.1,0.946018893387314,70.4,0.946236559139785,70,0.945945945945946,—,,—,,—,,—,,—,,—,,—,
      West Group,,10.814,0.23313068598284,14.3,0.349633251833741,15.709,0.374166349085366,16.055,0.374242424242424,16.593,0.384052771669946,18.3,0.399563318777293,22.963,0.544005117149558,23.585,0.537145850414503,22.459,0.535541407349119,26.6,0.563559322033898,25.074,0.55280215177036,25.874,0.55678932644717,24.716,0.56412480314062,27,0.567226890756303,26.132,0.564649956784788,27.161,0.559847469854684,26.6,0.55932880543348,27.721,0.557082856051928,29.3,0.551789077212806,27.7,0.538910505836576,29.3,0.548689138576779,30,0.552486187845304,33.4,0.542207792207792,32.7,0.540495867768595,34.2,0.545454545454546,135.7,0.544979919678715,33.3,0.544117647058823,33.6,0.528301886792453,34.2,0.530232558139535,41.5,0.570054945054945,41.3,0.557354925775978,41.7,0.560483870967742,41,0.554054054054054,—,,—,,—,,—,,—,,—,,—,
      Southeast Group,,4.436,0.0956323028499979,4.6,0.112469437652812,4.289,0.102157964939024,4.503,0.104965034965035,4.515,0.104501793773869,5.2,0.11353711790393,3.86,0.0914453578451115,4.552,0.10367131274483,4.274,0.101914776927296,4.6,0.0974576271186441,4.352,0.0959477931125711,4.447,0.095696148052507,4.097,0.0935110583616735,4.2,0.0882352941176471,4.416,0.095419187554019,4.833,0.0996186746367103,4.44,0.09336165023025,5.037,0.101223850003014,5.3,0.0998116760828625,5.4,0.105058365758755,21.3,0.398876404494382,21.5,0.395948434622468,24.7,0.400974025974026,24.4,0.403305785123967,24.9,0.397129186602871,99.2,0.398393574297189,24.2,0.395424836601307,26.3,0.413522012578616,26.5,0.410852713178295,27.5,0.377747252747253,28.8,0.388663967611336,28.7,0.385752688172043,29,0.391891891891892,—,,—,,—,,—,,—,,—,,—,
      Mid America Group,,12.943,0.279028155046781,13.1,0.320293398533007,12.945,0.308331745426829,13.304,0.31011655011655,12.937,0.299432936002777,13.4,0.292576419213974,13.062,0.309445405226126,13.338,0.303771522273845,12.817,0.305625104323151,13.5,0.286016949152542,13.544,0.298602231138939,13.72,0.29524424359802,12.671,0.289206399926962,14,0.294117647058824,13.13,0.283707865168539,14.016,0.288900340101,14.113,0.296759677860252,14.516,0.291714394807178,15.6,0.293785310734463,15.5,0.301556420233463,—,,—,,—,,—,,—,,—,,—,,—,,—,,—,,—,,—,,—,,—,,—,,—,,—,,—,,—,,—,
  Corporate,,2.041,,9.1,,7.466,,13.883,,11.682,,11.3,,16.138,,15.892,,12.836,,21.5,,24.177,,21.903,,13.406,,19.4,,23.841,,22.555,,20.884,,21.161,,25.2,,21,,24.8,,19.4,,17.1,,10.7,,8.4,,56.9,,18.6,,18.8,,21.5,,30.1,,23,,29.7,,20.9,,—,,—,,—,,—,,—,,—,,—,
  Cement,,15.814,0.340921829862459,6.4,0.156479217603912,6.675,0.158989138719512,6.647,0.154941724941725,6.809,0.157597500289318,6.5,0.141921397379913,—,,—,,—,,—,,—,,—,,—,,—,,—,,—,,—,,—,,—,,—,,—,,—,,—,,—,,—,,—,,—,,—,,—,,—,,—,,—,,—,,—,,—,,—,,—,,—,,—,,—,
Shipment (Metric Tonnes),,—,,—,,—,,—,,—,,—,,33311,1.0,42733,1.0,45419,1.0,38661,1.0,33233,1.0,43582,1.0,43855,1.0,38101,1.0,30529,1.0,48695,1.0,50655,1.0,42428,1.0,37900,1.0,53600,1.0,57200,1.0,47400,1.0,38700,1.0,51000,1.0,56300,1.0,49300,1.0,40200,1.0,57900,1.0,63600,1.0,59400,1.0,46200,1.0,63300,1.0,66700,1.0,52200,1.0,44700,1.0,—,,62700,1.0,51400,1.0,38900,1.0,57200,1.0
  Aggregates,,—,,—,,—,,—,,—,,—,,30760,0.92341869052265,39895,0.933587625488498,41947,0.923556220964795,35677,0.922816274798893,30418,0.915295038064574,40411,0.927240603919049,40787,0.930042184471554,35201,0.923886512165035,27877,0.913131776343804,45231,0.928863332991067,47442,0.936570920935742,39805,0.938177618553785,35400,0.934036939313984,50500,0.942164179104478,53600,0.937062937062937,43900,0.926160337552743,36000,0.930232558139535,47900,0.93921568627451,51800,0.920071047957371,45200,0.91683569979716,37100,0.922885572139303,52900,0.913644214162349,57000,0.89622641509434,54200,0.912457912457912,42100,0.911255411255411,57800,0.913112164296998,60200,0.902548725637181,47700,0.913793103448276,41700,0.932885906040269,—,,55900,0.891547049441786,46600,0.906614785992218,36600,0.940874035989717,53000,0.926573426573427
  Asphalt tons,,—,,—,,—,,—,,—,,—,,80,0.00240160907808232,263,0.00615449418482203,412,0.00907109359519144,268,0.0069320503866946,153,0.00460385761141035,325,0.00745720710385021,385,0.00877893056664006,260,0.00682396787485893,116,0.00379966589144748,252,0.00517506930896396,394,0.0077781068009081,218,0.00513811633826718,0,,200,0.00373134328358209,400,0.00699300699300699,600,0.0126582278481013,100,0.00258397932816538,200,0.00392156862745098,1300,0.0230905861456483,700,0.0141987829614604,100,0.00248756218905473,1800,0.0310880829015544,2800,0.0440251572327044,2300,0.0387205387205387,700,0.0151515151515152,2600,0.0410742496050553,3700,0.055472263868066,2100,0.0402298850574713,500,0.0111856823266219,—,,3900,0.062200956937799,2400,0.0466926070038911,500,0.012853470437018,2500,0.0437062937062937
    Asphalt Internal,,—,,—,,—,,—,,—,,—,,—,,—,,—,,—,,—,,—,,—,,—,,—,,—,,—,,—,,—,,—,,—,,—,,—,,—,,1000,0.0177619893428064,—,,—,,600,0.0103626943005181,800,0.0125786163522013,—,,—,,700,0.0110584518167457,900,0.0134932533733133,—,,—,,—,,—,,—,,—,,—,
    Asphalt External,,—,,—,,—,,—,,—,,—,,—,,—,,—,,—,,—,,—,,—,,—,,—,,—,,—,,—,,—,,—,,—,,—,,—,,—,,300,0.00532859680284192,—,,—,,1200,0.0207253886010363,2000,0.0314465408805031,—,,—,,1900,0.0300157977883096,2800,0.0419790104947526,—,,—,,—,,—,,—,,—,,—,
  Ready-Mixed Concrete,,—,,—,,—,,—,,—,,—,,1786,0.0536159226681877,1997,0.0467320337912152,2486,0.0547348026156454,2220,0.0574222084270971,2056,0.0618662173141155,2226,0.0510761323482172,2160,0.0492532208414092,2116,0.0555366000892365,2009,0.0658062825510171,2559,0.0525515966731697,2232,0.0440627776132662,1886,0.0444517771283115,1900,0.050131926121372,2200,0.041044776119403,2400,0.041958041958042,2000,0.0421940928270042,1700,0.0439276485788114,2200,0.0431372549019608,2200,0.0390763765541741,2300,0.0466531440162272,2100,0.0522388059701493,2300,0.0397236614853195,2700,0.0424528301886792,1800,0.0303030303030303,2400,0.0519480519480519,1800,0.028436018957346,1700,0.0254872563718141,1500,0.028735632183908,1500,0.0335570469798658,—,,1800,0.0287081339712919,1500,0.0291828793774319,1200,0.0308483290488432,1200,0.020979020979021
  Cement,,—,,—,,—,,—,,—,,—,,685,0.0205637777310798,578,0.0135258465354644,574,0.0126378828243687,496,0.0128294663873154,606,0.0182348870098998,620,0.0142260566288835,523,0.0119256641203968,524,0.0137529198708695,527,0.0172622752137312,653,0.0134100010267995,587,0.0115881946500839,519,0.0122324879796361,600,0.0158311345646438,700,0.0130597014925373,800,0.013986013986014,900,0.0189873417721519,900,0.0232558139534884,700,0.0137254901960784,1000,0.0177619893428064,1100,0.0223123732251521,900,0.0223880597014925,900,0.0155440414507772,1100,0.0172955974842767,1100,0.0185185185185185,1000,0.0216450216450216,1100,0.0173775671406003,1100,0.0164917541229385,900,0.0172413793103448,1000,0.0223713646532438,—,,1100,0.0175438596491228,900,0.0175097276264591,600,0.0154241645244216,500,0.00874125874125874
    Cement Internal,,—,,—,,—,,—,,—,,—,,—,,—,,—,,—,,—,,—,,—,,—,,—,,—,,—,,—,,—,,—,,—,,—,,—,,—,,300,0.00532859680284192,—,,—,,400,0.00690846286701209,400,0.00628930817610063,—,,—,,300,0.004739336492891,300,0.00449775112443778,—,,—,,—,,—,,—,,—,,—,
    External,,—,,—,,—,,—,,—,,—,,—,,—,,—,,—,,—,,—,,—,,—,,—,,—,,—,,—,,—,,—,,—,,—,,—,,—,,700,0.0124333925399645,—,,—,,500,0.00863557858376511,700,0.0110062893081761,—,,—,,800,0.0126382306477093,800,0.0119940029985008,—,,—,,—,,—,,—,,—,,—,
Average Sales Price,,—,,—,,—,,—,,—,,—,,—,,—,,—,,—,,—,,—,,—,,—,,—,,—,,—,,—,,—,,—,,—,,—,,—,,—,,—,,—,,—,,—,,—,,—,,—,,—,,—,,—,,—,,—,,—,,—,,—,,—,
  Ready-Mixed Concrete,,—,,—,,—,,—,,—,,—,,102.45,,105.37,,104.16,,104.84,,105.84,,106.9,,109.22,,107.07,,106.34,,106.65,,112.14,,110.55,,109.28,,111.39,,111.72,,112.74,,114.35,,112.89,,114.15,,113.07,,112.12,,114.27,,116.75,,116.58,,120.71,,124.51,,132.64,,139.45,,145.06,,—,,160.43,,159.73,,—,,—,
  Asphalt tons,,—,,—,,—,,—,,—,,—,,42.62,,38.25,,40.01,,38.21,,37.97,,42.48,,44.73,,44.42,,42.81,,44.89,,44.4,,45.62,,45.92,,47.22,,46.67,,46.43,,45.43,,46.54,,49.56,,48.05,,49.04,,48.83,,48.72,,52.38,,62.39,,60.54,,61.45,,63.59,,68.53,,—,,65.58,,66.47,,—,,—,
  Aggregates,,—,,—,,—,,—,,—,,—,,13.04,,12.76,,12.75,,13.03,,13.73,,13.24,,13.4,,13.55,,14.04,,13.72,,13.6,,13.65,,14.42,,14.18,,14.37,,14.38,,14.8,,14.66,,14.75,,14.88,,15.31,,15.07,,14.93,,15.09,,16.17,,16.34,,16.65,,17.58,,19.83,,—,,19.98,,20.22,,—,,—,
  Cement,,—,,—,,—,,—,,—,,—,,100.04,,101.04,,103.08,,103.94,,102.54,,106.31,,107.11,,108.23,,106.86,,109.11,,110.63,,111,,110.93,,114.17,,112.36,,113.43,,113.77,,114.34,,113.41,,114,,115.49,,122.11,,122.91,,127.26,,129.11,,140,,149.24,,153.7,,170.65,,—,,177.48,,179.14,,—,,—,
Average Selling Price Change (%),,—,,—,,—,,—,,—,,—,,—,,—,,—,,—,,—,,—,,—,,—,,—,,—,,—,,—,,—,,—,,—,,—,,—,,—,,—,,—,,—,,—,,—,,—,,—,,—,,—,,—,,—,,—,,—,,—,,—,,—,
  Products and Services,,—,,—,,—,,—,,—,,—,,—,,—,,—,,—,,—,,—,,—,,—,,—,,—,,—,,—,,—,,—,,—,,—,,—,,—,,2.7,,—,,3.4,,—,,1.2,,—,,5.6,,—,,11.6,,—,,—,,—,,—,,—,,—,,—,
  West Group,,8.3,,9.3,,17.6,,10.7,,13.7,,11.9,,11.3,,10.4,,13.7,,-0.2,,2.6,,3.4,,1.1,,0.8,,0.8,,3.2,,3.1,,0.5,,2.7,,3.4,,9.2,,12.9,,3.7,,5.5,,-0.6,,2.8,,1.9,,0.7,,2.8,,6.1,,9,,11.6,,12.2,,16,,—,,—,,—,,—,,—,,—,
  Southeast Group,,5.5,,7.2,,6,,2.4,,7.4,,7.8,,7.3,,6.2,,7.4,,4.2,,10.3,,10.6,,9.6,,2.2,,2.2,,1.5,,1.7,,7.4,,6.2,,7.3,,5.7,,3,,4.7,,0.7,,4.4,,3.1,,3.9,,3.6,,0.4,,-0.7,,5.1,,7.6,,11.5,,17,,—,,—,,—,,—,,—,,—,
  Mid America Group,,3.7,,3.9,,3.2,,5.7,,4.7,,4.9,,4.3,,4.2,,4.7,,6.9,,4.4,,2.4,,6.2,,4.9,,4.9,,6.3,,2.8,,2.1,,3.1,,1.6,,3.5,,1,,1.4,,2.3,,—,,—,,—,,—,,—,,—,,—,,—,,—,,—,,—,,—,,—,,—,,—,,—,
Total Shipments,,—,,—,,—,,—,,—,,—,,33783,1.0,44283,1.0,47523,1.0,39799,1.0,33793,1.0,45332,1.0,45836,1.0,39494,1.0,31037,1.0,50275,1.0,52306,1.0,43658,1.0,38400,1.0,55000,1.0,59100,1.0,45400,1.0,39400,1.0,—,,54100,1.0,47000,1.0,38100,1.0,—,,—,,—,,—,,—,,—,,—,,—,,—,,—,,—,,—,,—,
  Asphalt tons,,—,,—,,—,,—,,—,,—,,145,0.00429209957671018,847,0.0191269787503105,1360,0.0286177219451634,802,0.0201512600819116,277,0.00819696386825674,987,0.0217726991970352,1214,0.0264857317392443,812,0.0205600850762141,192,0.00618616489995811,887,0.0176429636996519,1103,0.021087446946813,655,0.0150029776902286,100,0.00260416666666667,800,0.0145454545454545,1300,0.0219966159052453,600,0.013215859030837,200,0.0050761421319797,—,,1300,0.0240295748613678,700,0.0148936170212766,100,0.0026246719160105,—,,—,,—,,—,,—,,—,,—,,—,,—,,—,,—,,—,,—,
    Asphalt Internal,,—,,—,,—,,—,,—,,—,,65,0.0019240446378356,584,0.0131879050651492,948,0.0199482355911874,534,0.0134174225483052,124,0.00366939898795609,662,0.0146033706873732,829,0.0180862204380836,552,0.0139768066035347,76,0.00244869027290009,635,0.0126305320735952,709,0.0135548503039804,437,0.0100096202299693,100,0.00260416666666667,600,0.0109090909090909,900,0.0152284263959391,400,0.00881057268722467,100,0.00253807106598985,—,,1000,0.0184842883548983,500,0.0106382978723404,0,,—,,—,,—,,—,,—,,—,,—,,—,,—,,—,,—,,—,,—,
    Asphalt External,,—,,—,,—,,—,,—,,—,,80,0.00236805493887458,263,0.00593907368516135,412,0.00866948635397597,268,0.00673383753360637,153,0.00452756488030065,325,0.00716932850966205,385,0.00839951130116066,260,0.00658327847267939,116,0.00373747462705803,252,0.00501243162605669,394,0.00753259664283256,218,0.00499335746025929,0,,200,0.00363636363636364,400,0.00676818950930626,200,0.00440528634361234,100,0.00253807106598985,—,,300,0.0055452865064695,200,0.00425531914893617,100,0.0026246719160105,—,,—,,—,,—,,—,,—,,—,,—,,—,,—,,—,,—,,—,
  Aggregates,,—,,—,,—,,—,,—,,—,,32681,0.967380043217003,42582,0.961587968294831,45258,0.952338867495739,38187,0.959496469760547,32611,0.965022341905128,43423,0.957888467307862,43805,0.955689850772319,37858,0.958575986225756,30020,0.967232657795534,48360,0.961909497762307,50324,0.962107597598746,42228,0.967245407485455,37400,0.973958333333333,53200,0.967272727272727,56700,0.959390862944162,43900,0.966960352422907,38300,0.972081218274112,—,,51800,0.957486136783734,45200,0.961702127659574,37100,0.973753280839895,—,,—,,—,,—,,—,,—,,—,,—,,—,,—,,—,,—,,—,
  Cement,,—,,—,,—,,—,,—,,—,,957,0.0283278572062872,854,0.0192850529548585,905,0.0190434105590977,810,0.0203522701575416,905,0.026780694226615,922,0.0203388334951028,817,0.017824417488437,824,0.0208639286980301,825,0.0265811773045075,1028,0.0204475385380408,879,0.0168049554544412,775,0.0177516148243163,900,0.0234375,1000,0.0181818181818182,1100,0.0186125211505922,900,0.0198237885462555,900,0.0228426395939086,—,,1000,0.0184842883548983,1100,0.0234042553191489,900,0.0236220472440945,—,,—,,—,,—,,—,,—,,—,,—,,—,,—,,—,,—,,—,
    Cement Internal,,—,,—,,—,,—,,—,,—,,272,0.00805138679217358,276,0.00623264006503624,331,0.00696504850283021,314,0.00788964546847911,299,0.00884798626934572,302,0.00666196064590135,294,0.00641417226634087,300,0.0075960905453993,298,0.00960144343847666,375,0.00745897563401293,292,0.00558253355255611,256,0.00586375921938706,300,0.0078125,300,0.00545454545454545,300,0.0050761421319797,300,0.0066079295154185,200,0.0050761421319797,—,,300,0.0055452865064695,400,0.00851063829787234,300,0.0078740157480315,—,,—,,—,,—,,—,,—,,—,,—,,—,,—,,—,,—,,—,
    Cement External,,—,,—,,—,,—,,—,,—,,685,0.0202764704141136,578,0.0130524128898223,574,0.0120783620562675,496,0.0124626246890625,606,0.0179327079572693,620,0.0136768728492014,523,0.0114102452220962,524,0.0132678381526308,527,0.0169797338660309,653,0.0129885629040278,587,0.0112224219018851,519,0.0118878556049292,600,0.015625,700,0.0127272727272727,800,0.0135363790186125,600,0.013215859030837,700,0.0177664974619289,—,,700,0.0129390018484288,700,0.0148936170212766,600,0.015748031496063,—,,—,,—,,—,,—,,—,,—,,—,,—,,—,,—,,—,,—,
Volume Growth %,,—,,—,,—,,—,,—,,—,,—,,—,,—,,—,,—,,—,,—,,—,,—,,—,,—,,—,,—,,—,,—,,—,,—,,—,,—,,—,,—,,—,,—,,—,,—,,—,,—,,—,,—,,—,,—,,—,,—,,—,
  Products and Services,,—,,—,,—,,—,,—,,—,,—,,—,,—,,—,,—,,—,,—,,—,,—,,—,,—,,—,,—,,—,,—,,—,,2.3,,-3.7,,-8.7,,3,,-3,,3.3,,10.2,,19.7,,13.4,,9.3,,5.6,,-12,,—,,—,,—,,—,,—,,—,
    West Group,,5.2,,8.6,,-6.1,,-9.4,,5.3,,-2,,4.4,,-5,,-10.9,,-1.5,,-3.8,,3.6,,-6.8,,-4.7,,-4.7,,2,,-0.6,,-1.2,,6.3,,1.1,,14.8,,3.4,,2.5,,-1,,-8.4,,2.8,,-7.7,,-3.6,,10.4,,30.5,,32.7,,30,,15.6,,-9.8,,—,,—,,—,,—,,—,,—,
    Southeast Group,,-0.3,,4.1,,2.2,,6,,9.1,,8.1,,5.6,,1.9,,-5.5,,5.6,,16.4,,-3.2,,4.7,,-12.4,,-12.4,,3.4,,6.2,,-3.2,,16.7,,12.7,,0.8,,7.5,,-3.2,,3,,-8.8,,3.1,,0.2,,7,,10.1,,13.8,,1.1,,-1,,0.2,,-13.4,,—,,—,,—,,—,,—,,—,
    Mid America Group,,1.6,,7.7,,18.1,,2.3,,4.2,,3.2,,27.8,,4.9,,-0.7,,-1.9,,-1.5,,2,,-2,,-9.9,,-9.9,,4.6,,5.4,,1.6,,18.4,,15.9,,14,,3.5,,4.3,,-7.2,,—,,—,,—,,—,,—,,—,,—,,—,,—,,—,,—,,—,,—,,—,,—,,—,
Source: Bloomberg,,,,,,,,,,,,,,,,,,,,,,,,,,,,,,,,,,,,,,,,,,,,,,,,,,,,,,,,,,,,,,,,,,,,,,,,,,,,,,,,,
