Unnamed: 0,Unnamed: 1,Unnamed: 2,Unnamed: 3,Unnamed: 4,Unnamed: 5,Unnamed: 6,Unnamed: 7,Unnamed: 8,Unnamed: 9,Unnamed: 10,Unnamed: 11,Unnamed: 12,Unnamed: 13,Unnamed: 14,Unnamed: 15,Unnamed: 16,Unnamed: 17,Unnamed: 18,Unnamed: 19,Unnamed: 20,Unnamed: 21,Unnamed: 22,Unnamed: 23,Unnamed: 24,Unnamed: 25,Unnamed: 26,Unnamed: 27,Unnamed: 28,Unnamed: 29,Unnamed: 30,Unnamed: 31,Unnamed: 32,Unnamed: 33,Unnamed: 34,Unnamed: 35,Unnamed: 36,Unnamed: 37,Unnamed: 38,Unnamed: 39,Unnamed: 40,Unnamed: 41,Unnamed: 42,Unnamed: 43,Unnamed: 44,Unnamed: 45,Unnamed: 46,Unnamed: 47,Unnamed: 48,Unnamed: 49,Unnamed: 50,Unnamed: 51,Unnamed: 52,Unnamed: 53,Unnamed: 54,Unnamed: 55,Unnamed: 56,Unnamed: 57,Unnamed: 58,Unnamed: 59,Unnamed: 60,Unnamed: 61,Unnamed: 62,Unnamed: 63,Unnamed: 64,Unnamed: 65,Unnamed: 66,Unnamed: 67,Unnamed: 68,Unnamed: 69,Unnamed: 70,Unnamed: 71,Unnamed: 72,Unnamed: 73,Unnamed: 74,Unnamed: 75,Unnamed: 76,Unnamed: 77,Unnamed: 78,Unnamed: 79,Unnamed: 80,Unnamed: 81
UnitedHealth Group Inc (UNH US) - By Measure,,,,,,,,,,,,,,,,,,,,,,,,,,,,,,,,,,,,,,,,,,,,,,,,,,,,,,,,,,,,,,,,,,,,,,,,,,,,,,,,,
,,,,,,,,,,,,,,,,,,,,,,,,,,,,,,,,,,,,,,,,,,,,,,,,,,,,,,,,,,,,,,,,,,,,,,,,,,,,,,,,,
date,,Q4 2014,,Q1 2015,,Q2 2015,,Q3 2015,,Q4 2015,,Q1 2016,,Q2 2016,,Q3 2016,,Q4 2016,,Q1 2017,,Q2 2017,,Q3 2017,,Q4 2017,,Q1 2018,,Q2 2018,,Q3 2018,,Q4 2018,,Q1 2019,,Q2 2019,,Q3 2019,,Q4 2019,,Q1 2020,,Q2 2020,,Q3 2020,,Q4 2020,,Q1 2021,,Q2 2021,,Q3 2021,,Q4 2021,,Q1 2022,,Q2 2022,,Q3 2022,,Q4 2022,,Q1 2023,,Q2 2023,,Q3 2023,,Q4 2023,,Q1 2024,,Q2 2024,,Q3 2024,
date,,12/31/2014,,03/31/2015,,06/30/2015,,09/30/2015,,12/31/2015,,03/31/2016,,06/30/2016,,09/30/2016,,12/31/2016,,03/31/2017,,06/30/2017,,09/30/2017,,12/31/2017,,03/31/2018,,06/30/2018,,09/30/2018,,12/31/2018,,03/31/2019,,06/30/2019,,09/30/2019,,12/31/2019,,03/31/2020,,06/30/2020,,09/30/2020,,12/31/2020,,03/31/2021,,06/30/2021,,09/30/2021,,12/31/2021,,03/31/2022,,06/30/2022,,09/30/2022,,12/31/2022,,03/31/2023,,06/30/2023,,09/30/2023,,12/31/2023,,03/31/2024,,06/30/2024,,09/30/2024,
Revenue,,33433,1.0,35756,1.0,36263,1.0,41489,1.0,43599,1.0,44527,1.0,46485,1.0,46293,1.0,47535,1.0,48723,1.0,50053,1.0,50322,1.0,52061,1.0,55188,1.0,56086,1.0,56556,1.0,58417,1.0,60308,1.0,60595,1.0,60351,1.0,60901,1.0,64421,1.0,62138,1.0,65115,1.0,65467,1.0,70196,1.0,71321,1.0,72337,1.0,73743,1.0,80149,1.0,80332,1.0,80894,1.0,82787,1.0,91931,1.0,92903,1.0,92361,1.0,94427,1.0,99796,1.0,98917,1.0,100820,1.0
  UnitedHealthcare,,30302,0.910872636546728,32508,0.912889637742207,32902,0.912702155399595,32688,0.791113047266391,32691,0.752919228909003,35759,0.806399963918456,37408,0.808087790546963,37044,0.803522623747343,37759,0.798726572746118,39975,0.824209810107008,40624,0.815792115990923,40581,0.810404393409885,41419,0.800166141838765,45276,0.824849699398798,45638,0.818897920367479,45695,0.813454623135258,46039,0.792737103106275,48642,0.812012753952223,48218,0.803459250495726,47831,0.798714202220923,48014,0.794039822716147,50871,0.794164481079056,48934,0.791850737090797,50196,0.775060218639985,50142,0.77115437851804,54908,0.787279192475338,55298,0.7814314986222,55752,0.776122727399282,56084,0.769011380776087,62452,0.782783083903637,61910,0.773517248272674,61810,0.768962814595489,62646,0.764609676316946,70013,0.768250798283827,69631,0.758606789558548,69259,0.75805568933059,70206,0.752895504461222,74822,0.757422685630409,73338,0.749432851683051,74853,0.535015867570118
    Premium,,28634,0.860732858388192,30905,0.867874192642516,31186,0.865100280174207,30978,0.749727728163799,30942,0.71263732467353,33963,0.765898430452823,35541,0.767756847835479,35137,0.762157823955577,35814,0.757583449676355,38053,0.7845817612008,38666,0.776472478261743,38576,0.77036445332002,39414,0.761431910824334,43237,0.78770267808344,43496,0.780463296908363,43628,0.77665824046712,43921,0.756267649287141,46501,0.776271639149959,46030,0.767000483228634,45557,0.760741421057026,45695,0.755688959449626,48593,0.758601848382665,47039,0.761185818081784,48121,0.743020814032487,47926,0.737073605856479,52558,0.753584537738013,52858,0.746951176429026,53345,0.742614917726982,53620,0.735225558754971,59937,0.751259682635181,59368,0.741756937416445,59375,0.738669586096217,60103,0.733571742420544,67458,0.740214850822424,67047,0.730454961432867,66709,0.730145352655313,67838,0.727500857927248,72293,0.731821632838994,70950,0.725030145721351,—,
    Services,,1667,0.0501097183394956,1603,0.0450154450996911,1715,0.04757413520486,0,,1748,0.0402588728436859,1796,0.0405015334656323,1866,0.0403093407068176,1907,0.0413647997917661,1945,0.0411431230697635,1922,0.0396280489062081,1958,0.0393196377291805,2005,0.0400399400898652,2005,0.0387342310144312,2039,0.037147021315358,2142,0.0384346234591161,2067,0.0367963826681383,2118,0.0364694538191336,2141,0.0357411148022637,2188,0.0364587672670921,2274,0.0379727811638975,2319,0.0383508632665211,2278,0.0355626326963907,1895,0.0306649190090134,2075,0.032039404607498,2216,0.0340807726615607,2350,0.0336946547373251,2440,0.0344803221931746,2407,0.0335078096723,2464,0.0337858220211161,2515,0.0315234012684565,2542,0.031760310856229,2435,0.0302932284992722,2543,0.0310379338964019,2555,0.0280359474614026,2584,0.0281518281256809,2550,0.0279103366752769,2368,0.0253946465339739,2529,0.0256010527914157,2388,0.0244027059616996,—,
    Products,,1,3.00598190398894e-05,0,,1,2.77400205276152e-05,1710,0.041385319102592,1,2.30313917870057e-05,0,,1,2.1602004666033e-05,0,,0,,0,,0,,0,,0,,0,,0,,0,,0,,0,,0,,0,,0,,0,,0,,0,,0,,0,,0,,0,,0,,0,,0,,0,,0,,0,,0,,0,,0,,0,,0,,—,
  Optum,,2965,0.089127363453272,3102,0.0871103622577928,3147,0.087297844600405,8631,0.208886952733609,10728,0.247080771090997,8585,0.193600036081544,8884,0.191912209453037,9058,0.196477376252657,9515,0.201273427253882,8526,0.175790189892992,9173,0.184207884009077,9494,0.189595606590115,10344,0.199833858161235,9614,0.175150300601202,10093,0.181102079632521,10479,0.186545376864742,12037,0.207262896893725,11261,0.187987246047777,11795,0.196540749504274,12054,0.201285797779077,12454,0.205960177283853,13185,0.205835518920944,12863,0.208149262909203,14568,0.224939781360015,14880,0.22884562148196,14836,0.212720807524662,15467,0.2185685013778,16082,0.223877272600718,16846,0.230988619223913,17330,0.217216916096363,18127,0.226482751727326,18571,0.231037185404511,19286,0.235390323683054,21120,0.231749201716173,22157,0.241393210441452,22105,0.24194431066941,23042,0.247104495538778,23963,0.242577314369591,24520,0.250567148316949,65055,0.464984132429883
    Optum Rx,,1122,0.0337271169627559,1228,0.0344846953103061,1224,0.033953785125801,6583,0.159321377574481,8517,0.196158363849927,6486,0.146265560165975,6748,0.145770327486391,6790,0.147282113574248,7036,0.148834454456995,6245,0.128760231747799,6524,0.131011908347892,6762,0.135037443834249,7250,0.140061433842706,6804,0.123957004918929,7120,0.127756544831422,7466,0.132908462989995,8660,0.149114952820442,8190,0.136721032335609,8470,0.141136087181111,7704,0.128646572597478,7775,0.128580406165244,8661,0.135209816410641,8485,0.137304399889962,8974,0.138564634673584,8907,0.136984405278214,8566,0.122820601055288,8659,0.122362749947008,8930,0.124314391513768,9203,0.126189496777732,9619,0.120566042465719,9761,0.121956095305921,9593,0.119344123611301,9802,0.119635795537763,10693,0.117334006342379,11104,0.120974419314072,10807,0.11828510135283,11807,0.126619337680165,12496,0.1264969377942,12982,0.132661611723109,34207,0.244496383337622
      Services,,30,0.000901794571196681,23,0.00064588598708228,29,0.00080446059530084,140,0.0033882717393935,189,0.00435293304774407,126,0.00284142161284503,167,0.00360753477922751,136,0.00294998047807037,125,0.00264415958031899,149,0.00307210160615245,139,0.00279133281121353,136,0.00271592611083375,141,0.00272395340300987,137,0.00249590089269448,148,0.00265561357233855,164,0.00291950012461281,163,0.00280666712583511,149,0.00248735455653306,148,0.00246613233799343,193,0.00322284378391918,199,0.00329099689091751,268,0.00418383914075184,272,0.00440150816382672,241,0.00372120313754555,269,0.00413706130232844,271,0.00388563890800642,268,0.00378718292941426,272,0.00378650778183033,301,0.00412724530371589,325,0.00407360056153017,329,0.00411059884803278,442,0.00549881190828678,507,0.00618805838988429,510,0.00559621651871441,543,0.00591580598771081,554,0.00606365745807977,590,0.00632721345229924,687,0.00695449714025409,12108,0.123730303092236,—,
      Products,,1092,0.0328253223915592,1205,0.0338388093232238,1195,0.0331493245305002,6443,0.155933105835088,8328,0.191805430802183,6360,0.14342413855313,6581,0.142162792707163,6654,0.144332133096178,6911,0.146190294876676,6096,0.125688130141647,6385,0.128220575536679,6626,0.132321517723415,7109,0.137337480439696,6667,0.121461104026234,6972,0.125100931259084,7302,0.129988962865383,8497,0.146308285694607,8041,0.134233677779076,8322,0.138669954843117,7511,0.125423728813559,7576,0.125289409274327,8393,0.131025977269889,8213,0.132902891726136,8733,0.134843431536039,8638,0.132847343975885,8295,0.118934962147281,8391,0.118575567017593,8658,0.120527883731938,8902,0.122062251474016,9294,0.116492441904189,9432,0.117845496457888,9151,0.113845311703014,9295,0.113447737147879,10183,0.111737789823664,10561,0.115058613326361,10253,0.112221443894751,11217,0.120292124227865,11809,0.119542440653945,874,0.00893130863087331,—,
      Premium,,0,,0,,0,,0,,0,,0,,0,,0,,0,,0,,0,,0,,0,,0,,0,,0,,0,,0,,0,,0,,0,,0,,0,,0,,0,,0,,0,,0,,0,,0,,0,,0,,0,,0,,0,,0,,0,,0,,0,,—,
    OptumHealth,,1164,0.0349896293624312,1295,0.0363661892726762,1365,0.0378651280201947,1425,0.0344877659188267,1473,0.0339252401022594,1473,0.0332175717120693,1480,0.0319709669057288,1621,0.0351611643746475,1635,0.0345856073105724,1618,0.0333601369043937,1938,0.038918007108862,2026,0.0404593110334498,2219,0.0428684581650986,2047,0.0372927673528876,2177,0.0390626401823043,2194,0.0390572150817104,2364,0.0407052827329706,2294,0.038295243977764,2513,0.041874260576875,3333,0.0556566752943141,3539,0.0585268241053119,3604,0.0562632696390658,3587,0.0580448889104649,4586,0.0708109443518004,4870,0.0748977269231952,5272,0.0755907318192246,5845,0.082597329188158,6145,0.085544449703483,6516,0.0893459481694776,6697,0.0839412398786694,7274,0.0908829666279346,7874,0.0979584727734166,7518,0.0917590196748523,8461,0.0928423293428286,9019,0.0982590316817013,9320,0.10200954424062,9291,0.0996375257378174,9724,0.0984359973680215,10030,0.102495452594576,25917,0.18524315979072
      Premium,,741,0.022274325908558,769,0.0215950575680989,775,0.0214985159089018,823,0.0199181974394346,785,0.0180796425527995,848,0.0191232184737507,872,0.0188369480687808,1005,0.0217994880916229,938,0.0198417734907137,885,0.0182470464526505,919,0.0184549270036348,976,0.0194907638542187,964,0.0186233409964647,847,0.0154308617234469,962,0.0172614882202006,985,0.017534802577705,1011,0.0174082237068669,1012,0.0168939785987346,1134,0.0188959058870578,1840,0.0307255573181932,1930,0.0319177085400542,2047,0.0319564131385038,2355,0.0381086460507792,2742,0.0423383361126552,2655,0.0408323336716804,2928,0.0419821059876118,3375,0.0476930686073624,3622,0.0504218058301083,3927,0.0538461538461538,4133,0.0518036649870898,4528,0.0565738346014968,5116,0.063646881725781,4597,0.0561075037836254,5328,0.0584640031602164,5427,0.059125375866126303,5630,0.0616216452869839,5390,0.0578028483184626,5695,0.0576504530039986,5947,0.0607717304665945,—,
      Services,,422,0.0126852436348333,521,0.0146307217073856,579,0.0160614718854892,594,0.0143759529514267,681,0.0156843778069509,612,0.0138011906909616,597,0.0128963967856217,604,0.0131013838879007,685,0.0144899945001481,721,0.0148656728727243,1008,0.020242183264052,1040,0.0207688467299051,1244,0.0240326101655623,1188,0.0216432865731463,1203,0.0215858319427249,1196,0.0212909887136398,1338,0.02303877677526,1274,0.0212677161410948,1370,0.0228283871827771,1487,0.0248309259413877,1601,0.0264768141827082,1548,0.0241663544398651,1225,0.0198229687525284,1834,0.0283182014699524,2208,0.0339577373811941,2336,0.0334939206239963,2461,0.0347770790645093,2515,0.0350112759974385,2582,0.0354038118744001,2558,0.0320623699581359,2740,0.0342341666979022,2756,0.0342867095457882,2863,0.0349436117756188,3089,0.0338955153457035,3541,0.038578027628884,3629,0.0397202399194431,3850,0.0412877487989019,3970,0.0401882876955003,4083,0.0417237221279814,—,
      Products,,1,3.00598190398894e-05,5,0.0001404099971918,11,0.000305140225803767,8,0.000193615527965343,7,0.00016121974250904,13,0.000293162547357027,11,0.000237622051326363,12,0.000260292395123856,12,0.000253839319710623,12,0.000247417579018989,11,0.000220896841175171,10,0.000199700449326011,11,0.000212507003071692,12,0.000218619056294407,12,0.000215320019378802,13,0.00023142379036565,15,0.000258282250843722,8,0.000133549237934661,9,0.000149967507040141,6,0.000100192034733239,8,0.000132301382549448,9,0.00014050206069689,7,0.000113274107157305,10,0.000154406769192761,7,0.000107655870320814,8,0.000114705207616426,9,0.0001271815162863,8,0.000111367875936186,7,9.59824489236254e-05,6,7.52049334436339e-05,6,7.49653285355523e-05,2,2.48815018474515e-05,58,0.000707904115608065,44,0.000482810836908694,51,0.000555628186691071,61,0.000667659034192899,51,0.000546928620452986,59,0.000597256668522549,62,0.000633571092807946,—,
    Optum Insight,,679,0.0204106171280849,579,0.0162594776748104,558,0.0154789314544093,623,0.0150778092403011,738,0.0169971671388102,626,0.0141169042034999,656,0.0141709150609177,647,0.0140340983037612,844,0.0178533654863138,663,0.0136698212407992,711,0.0142779685523224,706,0.0140988517224164,875,0.0169039661534301,763,0.013900528329386,796,0.0142828946187938,819,0.0145796987930359,1013,0.0174426613403127,777,0.012970969734404,812,0.0135304017462883,1017,0.016982549887284,1140,0.0188529470132963,920,0.0143624328712377,791,0.0127999741087755,1008,0.0155642023346304,1103,0.0169634892805512,998,0.0143094746501491,963,0.0136084222426341,1007,0.0140184313834674,1127,0.0154531742767037,1014,0.0127096337519741,1092,0.0136436897934705,1104,0.0137345890197932,1966,0.0239955084704389,1966,0.0215728660309657,2034,0.0221597594456792,1978,0.0216496650759599,1944,0.0208476321207962,1743,0.0176443792073695,1446,0.0147765129064563,4931,0.035244589301541
      Services,,646,0.0194186430997685,559,0.0156978376860432,542,0.0150350911259674,592,0.0143275490694354,697,0.016052880075543,606,0.0136658848998737,639,0.0138036809815951,617,0.0133833673159516,808,0.017091847527182,642,0.0132368404775159,692,0.0138964194630199,677,0.0135197204193709,838,0.0161891698703707,740,0.0134815084714884,776,0.0139240279198292,790,0.0140634457222202,974,0.016771127488119,754,0.0125870156753418,790,0.0131638145068568,988,0.0164982883860733,1098,0.0181583647549117,891,0.0139097040089921,764,0.0123630596954545,974,0.015039219319375,1058,0.0162714158284888,961,0.0137789630649231,930,0.013142090016251,970,0.0135033549572626,1075,0.0147401617989853,974,0.0122082675290166,1034,0.0129190249509602,1067,0.0132742812356154,1921,0.023446272518674,1926,0.0211339470883215,1995,0.0217348673029154,1938,0.0212118558732105,1901,0.0203864962251201,1702,0.0172293364377183,1405,0.0143575384741156,—,
      Products,,33,0.00099197402831635,20,0.0005616399887672,16,0.000443840328441843,31,0.000750260170865703,41,0.000944287063267233,20,0.000451019303626195,17,0.000367234079322561,30,0.00065073098780964,36,0.000761517959131869,21,0.000432980763283231,19,0.000381549089302568,29,0.000579131303045432,37,0.000714796283059328,23,0.000419019857897613,20,0.00035886669896467,29,0.00051625307081568,39,0.000671533852193677,23,0.000383954059062151,22,0.000366587239431456,29,0.000484261501210654,42,0.0006945822583846,29,0.000452728862245535,27,0.000436914413321035,34,0.000524983015255389,45,0.000692073452062379,37,0.000530511585225969,33,0.000466332226383099,37,0.000515076426204861,52,0.00071301247771836,40,0.000501366222957559,58,0.000724664842510339,37,0.000460307784177853,45,0.000549235951764878,40,0.000438918942644267,39,0.00042489214276376,40,0.000437809202749442,43,0.000461135895676047,41,0.000415042769651263,41,0.000418974432340739,—,
      Premium,,0,,0,,0,,0,,0,,0,,0,,0,,0,,0,,0,,0,,0,,0,,0,,0,,0,,0,,0,,0,,0,,0,,0,,0,,0,,0,,0,,0,,0,,0,,0,,0,,0,,0,,0,,0,,0,,0,,0,,—,
  Corporate,,0,,0,,0,,0,,0,,0,,0,,0,,0,,0,,0,,0,,0,,0,,0,,0,,0,,0,,0,,0,,0,,0,,0,,0,,0,,0,,0,,0,,0,,0,,0,,0,,0,,0,,-33672,,0,,0,,0,,-37890,,-1130,
  Adjustment,,—,,146,,214,,170,,180,,183,,193,,191,,261,,222,,256,,247,,298,,298,,355,,382,,341,,405,,582,,466,,433,,365,,341,,351,,445,,452,,556,,503,,813,,367,,295,,513,,855,,798,,34787,,997,,1179,,1011,,38949,,-37958,
  Reconciliation,,166,,—,,—,,—,,—,,—,,—,,—,,—,,—,,—,,—,,—,,—,,—,,—,,—,,—,,—,,—,,—,,—,,—,,—,,—,,—,,—,,—,,—,,—,,—,,—,,—,,—,,—,,—,,—,,—,,—,,—,
Intersegment Revenue,,10012,1.0,9841,1.0,10570,1.0,10852,1.0,11368,1.0,11311,1.0,11971,1.0,12278,1.0,12862,1.0,12936,1.0,13690,1.0,13621,1.0,14263,1.0,14205,1.0,14827,1.0,15124,1.0,15762,1.0,15307,1.0,16409,1.0,16958,1.0,17624,1.0,19890,1.0,20111,1.0,20605,1.0,21236,1.0,21777,1.0,22934,1.0,23878,1.0,24291,1.0,26258,1.0,27443,1.0,28460,1.0,28946,1.0,33455,1.0,34565,1.0,35190,1.0,36866,1.0,37629,1.0,39019,1.0,—,
  Optum,,10012,1.0,9841,1.0,10570,1.0,10852,1.0,11368,1.0,11311,1.0,11971,1.0,12278,1.0,12862,1.0,12936,1.0,13690,1.0,13621,1.0,14263,1.0,14205,1.0,14827,1.0,15124,1.0,15762,1.0,15307,1.0,16409,1.0,16958,1.0,17624,1.0,19890,1.0,20111,1.0,20605,1.0,21236,1.0,21777,1.0,22934,1.0,23878,1.0,24291,1.0,26258,1.0,27443,1.0,28460,1.0,28946,1.0,33455,1.0,34565,1.0,35190,1.0,36866,1.0,37629,1.0,39019,1.0,—,
    Optum Rx,,7385,0.737614862165402,7067,0.718118077431155,7688,0.727341532639546,7824,0.720973092517508,8139,0.715957072484166,7785,0.688268057643002,8324,0.695347088797928,8445,0.687815605147418,8818,0.685585445498367,8698,0.672387136672851,9312,0.680204528853178,9186,0.674399823801483,9758,0.68414779499404,9295,0.654347060894051,9807,0.661428475079247,9960,0.65855593758265,10378,0.658418982362644,9613,0.628013327235905,10439,0.636175269669084,10734,0.63297558674372,11307,0.641568315932819,12876,0.6473604826546,12865,0.639699666848988,13102,0.635865081290949,13577,0.639338858542098,13004,0.597143775543004,13792,0.601377866922473,14400,0.603065583382193,14583,0.600345807089045,14291,0.544253179983243,15038,0.547972160478082,15592,0.547856640899508,16015,0.553271609203344,16679,0.498550291436258,17496,0.506176768407348,17999,0.511480534242683,19310,0.523788856941355,18281,0.485822105291132,19373,0.496501704297906,—,
    OptumHealth,,1819,0.181681981622054,1963,0.199471598414795,2031,0.192147587511826,2067,0.190471802432731,2155,0.189567206192822,2485,0.219697639466007,2541,0.212262968841367,2656,0.216321876527122,2809,0.218395272896906,3059,0.236471861471861,3097,0.226223520818115,3138,0.230379560972029,3135,0.219799481175068,3606,0.253854276663147,3640,0.245498077830984,3733,0.246826236445385,3603,0.22858774267225,4287,0.280067942771281,4449,0.271131696020477,4630,0.27302747965562,4600,0.261007716749887,5452,0.274107591754651,5423,0.269653423499577,5748,0.278961417131764,5858,0.275852326238463,6952,0.319235891077743,7221,0.314860033138572,7441,0.311625764301868,7620,0.313696430776831,9829,0.374324015538122,10224,0.372554021061837,10302,0.361981728742094,10528,0.363711739100394,14266,0.426423554027799,14454,0.41816866772747,14227,0.404290991759022,14749,0.400070525687625,16617,0.441600892928326,16576,0.42481867807991,—,
    Optum Insight,,808,0.080703156212545,811,0.0824103241540494,851,0.0805108798486282,961,0.0885551050497604,1074,0.094475721323012,1041,0.0920343028909911,1106,0.092389942360705,1177,0.0958625183254602,1235,0.0960192816047271,1179,0.0911410018552876,1281,0.0935719503287071,1297,0.0952206152264885,1370,0.0960527238308911,1304,0.0917986624428018,1380,0.0930734470897687,1431,0.0946178259719651,1781,0.112993274965106,1407,0.0919187299928137,1521,0.0926930343104394,1594,0.0939969336006605,1717,0.0974239673172946,1562,0.0785319255907491,1823,0.0906469096514345,1755,0.0851735015772871,1801,0.0848088152194387,1821,0.0836203333792533,1921,0.0837620999389553,2037,0.0853086523159394,2088,0.0859577621341237,2138,0.0814228044786351,2181,0.0794738184600809,2566,0.0901616303583977,2403,0.083016651696262,2510,0.0750261545359438,2615,0.0756545638651815,2964,0.084228473998295,2807,0.0761406173710194,2731,0.0725770017805416,3070,0.0786796176221841,—,
  UnitedHealthcare,,0,,0,,0,,0,,0,,0,,0,,0,,0,,0,,0,,0,,0,,0,,0,,0,,0,,0,,0,,0,,0,,0,,0,,0,,0,,0,,0,,0,,0,,0,,0,,0,,0,,0,,0,,0,,0,,0,,0,,—,
Revenue Including Intersegment Revenue,,43445,1.0,45438,1.0,46833,1.0,52341,1.0,54967,1.0,55584,1.0,58456,1.0,58571,1.0,60397,1.0,61373,1.0,63459,1.0,63619,1.0,65991,1.0,69060,1.0,70572,1.0,71328,1.0,73796,1.0,75256,1.0,76623,1.0,76868,1.0,78045,1.0,83907,1.0,81802,1.0,85296,1.0,86703,1.0,91498,1.0,93777,1.0,95712,1.0,97477,1.0,105854,1.0,107775,1.0,108554,1.0,110914,1.0,124527,1.0,127468,1.0,128512,1.0,130303,1.0,137425,1.0,137874,1.0,138778,1.0
  UnitedHealthcare,,30434,0.700517896190586,32623,0.717967340111801,33073,0.706190079644695,32817,0.62698458187654,32830,0.597267451379919,35900,0.645869314910766,37556,0.642466128370056,37177,0.634733912687166,37948,0.628309353113565,40136,0.653968357421016,40788,0.642745709828393,40734,0.640280419371571,41599,0.630373838856814,45459,0.658253692441355,45846,0.649634415915661,45937,0.644024786899955,46234,0.626510922001193,48896,0.649728925268417,48594,0.634195998590502,48105,0.625813082166831,48247,0.618194631302454,51068,0.608626217121337,49107,0.600315395711596,50373,0.590566966797974,50327,0.580452810168045,55114,0.602351963977355,55474,0.591552299604381,55927,0.584325894349716,56384,0.578433886968208,62595,0.591333345929299,62105,0.576246810484806,61995,0.571098255246237,63046,0.568422381304434,70468,0.56588531001309,70231,0.55096965512913,69853,0.543552353087649,70808,0.543410358932642,75357,0.548350009095871,73866,0.535750032638496,74853,0.539372234792258
    Premium,,—,,—,,—,,—,,—,,—,,—,,—,,—,,—,,—,,—,,—,,—,,—,,—,,—,,48896,0.649728925268417,—,,—,,—,,51068,0.608626217121337,—,,50373,0.590566966797974,—,,55114,0.602351963977355,—,,55927,0.584325894349716,56384,0.578433886968208,62595,0.591333345929299,—,,61995,0.571098255246237,63046,0.568422381304434,70468,0.56588531001309,70231,0.55096965512913,—,,70808,0.543410358932642,—,,73866,0.535750032638496,—,
  Optum,,13011,0.299482103809414,12815,0.282032659888199,13760,0.293809920355305,19524,0.37301541812346,22137,0.402732548620081,19684,0.354130685089234,20900,0.357533871629944,21394,0.365266087312834,22449,0.371690646886435,21237,0.346031642578984,22671,0.357254290171607,22885,0.359719580628429,24392,0.369626161143186,23601,0.341746307558645,24726,0.350365584084339,25391,0.355975213100045,27562,0.373489077998808,26360,0.350271074731583,28029,0.365804001409498,28763,0.374186917833169,29798,0.381805368697546,32839,0.391373782878663,32695,0.399684604288404,34923,0.409433033202026,36376,0.419547189831955,36384,0.397648036022645,38303,0.408447700395619,39785,0.415674105650284,41093,0.421566113031792,43259,0.408666654070701,45670,0.423753189515194,46559,0.428901744753763,47868,0.431577618695566,54059,0.43411468998691,57237,0.44903034487087,58659,0.456447646912351,59495,0.456589641067358,62068,0.45164999090413,64008,0.464249967361504,63925,0.460627765207742
    Optum Rx,,8507,0.195810795258373,8295,0.182556450547999,8913,0.190314521811543,14407,0.27525266999102,16657,0.30303636727491,14273,0.256782527345999,15073,0.257852059668811,15237,0.260145805944922,15857,0.262546152954617,14947,0.243543577794796,15840,0.249609984399376,15953,0.250758421226363,17015,0.25783819005622,16106,0.233217492035911,16941,0.240052712123788,17437,0.244462202781516,19052,0.258171174589409,17817,0.236751886892739,18923,0.246962400323663,18454,0.240073892907322,19094,0.244653725414825,21557,0.25691539442478,21371,0.261252781105596,22081,0.258874976552242,22489,0.259379721578261,21604,0.236114450589084,22524,0.240186826194056,23337,0.243825225677031,23849,0.244662843542579,23911,0.225886598522493,24805,0.230155416376711,25203,0.232170164157931,25854,0.2330995185459,27418,0.220177150336875,28646,0.22473091285656,28857,0.224547124003984,31166,0.239180985856043,30835,0.224376932872476,32415,0.235105966317072,34207,0.246487195376789
    OptumHealth,,3017,0.0694441247554379,3289,0.0723843479026366,3438,0.0734097751585421,3532,0.0674805601727135,3668,0.0667309476595048,3998,0.0719271732872769,4065,0.0695394826878336,4332,0.0739615167915863,4513,0.0747222544166101,4733,0.077118602642856,5122,0.0807135315715659,5252,0.0825539540074506,5463,0.0827840160021821,5759,0.0833912539820446,5941,0.0841835288783087,6052,0.0848474652310453,6393,0.0866307116916906,6713,0.0892021898586159,7148,0.0932879161609438,8133,0.105804756205443,8323,0.106643603049523,9192,0.109549858772212,9139,0.111720984816997,10499,0.123089007690865,10978,0.126616149383528,12403,0.135554875516405,13300,0.141825820830268,13812,0.144307923771314,14550,0.149265980692881,16682,0.157594422506471,17583,0.163145441892832,18463,0.17008124988485,18446,0.166309032223164,23004,0.184731022187959,23917,0.187631405529231,23864,0.185694721115538,24534,0.188284229833542,26731,0.194513370929598,27050,0.196193626064378,25917,0.186751502399516
    Optum Insight,,1487,0.0342271837956036,1390,0.030591135173203,1409,0.0300856233852198,1585,0.0302821879597256,1812,0.0329652336856659,1667,0.0299906447898676,1762,0.0301423292732996,1825,0.0311587645763262,2079,0.0344222395152077,1843,0.0300294917960667,1993,0.0314061047290376,2004,0.031500023577862,2247,0.034050097740601,2069,0.0299594555459021,2185,0.0309612877628521,2254,0.0316004934948407,2500,0.0338771749146295,2189,0.0290873817370044,2339,0.0305260822468449,2617,0.0340453764895665,2861,0.0366583381382536,2494,0.0297233842230088,2632,0.0321752524388157,2767,0.0324399737385106,2909,0.033551318870166,2852,0.0311700802203327,2957,0.0315322520447444,3139,0.0327963055834169,3251,0.0333514572668424,3219,0.0304098097379409,3282,0.0304523312456507,3693,0.034019934779004,4387,0.0395531673188236,4496,0.0361046198816321,4674,0.0366680264850786,4977,0.0387279008964143,4785,0.0367221015632794,4502,0.0327596871020557,4543,0.0329503749800543,4931,0.0355315684042139
Operating Income,,2765,1.0,2640,1.0,2895,1.0,3018,1.0,2468,1.0,2960,1.0,3203,1.0,3580,1.0,3187,1.0,3413,1.0,3731,1.0,4088,1.0,3977,1.0,4053,1.0,4204,1.0,4590,1.0,4497,1.0,4832,1.0,4744,1.0,5014,1.0,5095,1.0,4996,1.0,9241,1.0,4651,1.0,3517,1.0,6739,1.0,5978,1.0,5712,1.0,5541,1.0,6950,1.0,7132,1.0,7462,1.0,6891,1.0,8086,1.0,8057,1.0,8526,1.0,7689,1.0,7931,1.0,7875,1.0,8708,1.0
  Optum,,1039,0.375768535262206,742,0.281060606060606,864,0.298445595854922,1142,0.378396288933068,1519,0.61547811993517,1106,0.373648648648649,1261,0.393693412425851,1467,0.409776536312849,1789,0.561342955757766,1279,0.374743627307354,1520,0.407397480568212,1697,0.415117416829746,2215,0.556952476741262,1653,0.407846039970392,1847,0.439343482397717,2031,0.442483660130719,2700,0.600400266844563,1878,0.388658940397351,2102,0.443086003372681,2359,0.470482648583965,3020,0.592737978410206,2108,0.421937550040032,2234,0.241748728492587,2583,0.555364437755321,3121,0.887404037531987,2631,0.390414008013058,2883,0.482268317162931,3061,0.535889355742297,3420,0.617217108825122,3152,0.453525179856115,3282,0.460179472798654,3663,0.490887161618869,3959,0.574517486576694,3743,0.462898837496908,3699,0.459103884820653,3934,0.461412151067323,4567,0.593965405124203,3536,0.445845416719203,3871,0.491555555555556,4496,0.516306844281121
    OptumHealth,,341,0.123327305605787,234,0.0886363636363636,253,0.0873920552677029,363,0.120278330019881,390,0.158022690437601,300,0.101351351351351,304,0.0949110209178895,404,0.112849162011173,420,0.131785378098525,332,0.0972751245238793,422,0.113106405789333,513,0.125489236790607,556,0.139803872265527,488,0.120404638539354,570,0.13558515699334,622,0.135511982570806,750,0.166777851901268,626,0.12955298013245,688,0.145025295109612,748,0.14918228958915,901,0.176840039254171,712,0.142514011208967,841,0.0910074667243805,835,0.179531283594926,1046,0.297412567529144,962,0.142751150022258,1128,0.188691870190699,1143,0.200105042016807,1229,0.221801118931601,1366,0.196546762589928,1399,0.196158160403814,1575,0.211069418386492,1692,0.245537657814541,1776,0.219638882018303,1525,0.189276405610029,1568,0.183908045977011,1691,0.219924567564053,1899,0.239440171479006,1919,0.24368253968254,2161,0.248162609095085
    Optum Rx,,331,0.119710669077758,286,0.108333333333333,340,0.117443868739206,490,0.162359178263751,633,0.256482982171799,560,0.189189189189189,624,0.194817358726194,692,0.193296089385475,806,0.252902416065265,653,0.191327278054498,726,0.194585901902975,770,0.188356164383562,969,0.243650993210963,770,0.189982728842832,824,0.196003805899144,875,0.190631808278867,1089,0.24216144096064,820,0.169701986754967,889,0.187394603709949,979,0.1952532907858,1214,0.238272816486752,860,0.172137710168135,832,0.0900335461530137,963,0.207052246828639,1232,0.350298549900483,890,0.132067072265915,993,0.166109066577451,1012,0.177170868347339,1240,0.223786320158816,939,0.135107913669065,1044,0.146382501402131,1081,0.144867327794157,1372,0.199100275721956,1060,0.131090774177591,1206,0.149683505026685,1257,0.147431386347642,1592,0.207049031083366,1147,0.144622367923339,1406,0.178539682539682,1544,0.1773082223243
    Optum Insight,,367,0.132730560578662,222,0.0840909090909091,271,0.0936096718480138,289,0.0957587806494367,496,0.20097244732577,246,0.0831081081081081,333,0.103965032781767,371,0.103631284916201,563,0.176655161593976,294,0.0861412247289774,372,0.0997051728759046,414,0.101272015655577,690,0.173497611264772,395,0.0974586725882063,453,0.107754519505233,534,0.116339869281046,861,0.191460973982655,432,0.0894039735099338,525,0.11066610455312,632,0.126047068209015,905,0.177625122669284,536,0.10728582866293,561,0.0607077156151932,785,0.168780907331757,843,0.23969292010236,779,0.115595785724885,762,0.127467380394781,906,0.158613445378151,951,0.171629669734705,847,0.121870503597122,839,0.117638810992709,1007,0.13495041543822,895,0.129879553040197,907,0.112169181301014,968,0.120143974183939,1109,0.130072718742669,1284,0.166991806476785,490,0.0617828773168579,546,0.0693333333333333,791,0.0908360128617363
  UnitedHealthcare,,1726,0.624231464737794,1898,0.718939393939394,2031,0.701554404145078,1876,0.621603711066932,949,0.38452188006483,1854,0.626351351351351,1942,0.606306587574149,2113,0.590223463687151,1398,0.438657044242234,2134,0.625256372692646,2211,0.592602519431788,2391,0.584882583170254,1762,0.443047523258738,2400,0.592153960029608,2357,0.560656517602284,2559,0.557516339869281,1797,0.399599733155437,2954,0.611341059602649,2642,0.556913996627319,2655,0.529517351416035,2075,0.407262021589794,2888,0.578062449959968,7007,0.758251271507413,2068,0.444635562244678,396,0.112595962468013,4108,0.609585991986942,3095,0.517731682837069,2651,0.464110644257703,2121,0.382782891174878,3798,0.546474820143885,3850,0.539820527201346,3799,0.509112838381131,2932,0.425482513423306,4343,0.537101162503092,4358,0.540896115179347,4592,0.538587848932677,3122,0.406034594875797,4395,0.554154583280797,4004,0.508444444444444,4212,0.483693155718879
  Corporate,,0,,0,,0,,0,,0,,0,,0,,0,,0,,0,,0,,0,,0,,0,,0,,0,,—,,0,,0,,0,,—,,0,,0,,0,,—,,0,,0,,0,,0,,0,,—,,0,,—,,0,,—,,0,,—,,0,,—,,—,
Operating Margin,,—,,—,,—,,—,,—,,—,,—,,—,,—,,—,,—,,—,,—,,—,,—,,—,,—,,—,,—,,—,,—,,—,,—,,—,,—,,—,,—,,—,,—,,—,,—,,—,,—,,—,,—,,—,,—,,—,,—,,—,
  Optum,,8.1,,5.8,,6.4,,5.9,,6.9,,5.6,,6.1,,6.9,,8.1,,6,,6.7,,7.4,,9.1,,7,,7.5,,8,,9.8,,7.1,,7.5,,8.2,,10.1,,6.4,,6.8,,7.4,,—,,7.2,,7.5,,7.7,,—,,7.3,,7.3,,7.9,,8.3,,6.9,,6.6,,6.9,,8.3,,5.8,,6.2,,7,
    Optum Insight,,—,,16,,19.2,,18.2,,—,,14.8,,18.9,,20.3,,—,,16,,18.7,,20.7,,—,,19.1,,20.7,,23.7,,—,,19.7,,22.4,,24.1,,—,,21.5,,21.3,,28.4,,—,,27.3,,25.8,,28.9,,—,,26.3,,25.6,,27.3,,—,,20.2,,20.7,,22.3,,—,,10.9,,6.2,,16,
      Premium,,—,,—,,—,,—,,—,,—,,—,,—,,—,,—,,—,,—,,—,,—,,—,,—,,—,,—,,—,,—,,—,,—,,—,,—,,—,,—,,—,,—,,—,,—,,—,,—,,—,,—,,—,,—,,—,,—,,12,,—,
    OptumHealth,,—,,7.1,,7.4,,10.3,,—,,7.5,,7.5,,9.3,,—,,7,,8.2,,9.8,,—,,8.5,,9.6,,10.3,,—,,9.3,,9.6,,9.2,,—,,7.7,,9.2,,8,,—,,7.8,,8.5,,8.3,,—,,8.2,,8,,8.5,,—,,7.7,,6.4,,6.6,,—,,7.1,,7.1,,8.3,
    Optum Rx,,—,,3.4,,3.8,,3.4,,—,,3.9,,4.1,,4.5,,—,,4.4,,4.6,,4.8,,—,,4.8,,4.9,,5,,—,,4.6,,4.7,,5.3,,—,,4,,3.9,,4.4,,—,,4.1,,4.4,,4.3,,—,,3.9,,4.2,,4.3,,—,,3.9,,4.2,,4.4,,—,,3.7,,4.3,,4.5,
  UnitedHealthcare,,5.7,,5.8,,6.1,,5.7,,2.9,,5.2,,5.2,,5.7,,4.6,,5.3,,5.4,,5.9,,4.2,,5.3,,5.1,,5.6,,3.9,,6,,5.4,,5.5,,4.3,,5.7,,14.3,,4.1,,—,,7.5,,5.6,,4.7,,—,,6.1,,6.2,,6.1,,4.7,,6.2,,6.2,,6.6,,4.4,,5.8,,5.4,,5.6,
Operating Income Growth %,,—,,—,,—,,—,,—,,—,,—,,—,,—,,—,,—,,—,,—,,—,,—,,—,,—,,—,,—,,—,,—,,—,,—,,—,,—,,—,,—,,—,,—,,—,,—,,—,,—,,—,,—,,—,,—,,—,,—,,—,
  Optum,,—,,14,,19,,32,,—,,49,,46,,28,,—,,16,,21,,16,,—,,29,,22,,20,,—,,14,,14,,16,,—,,12,,6,,9,,—,,25,,29,,19,,—,,20,,14,,20,,—,,19,,13,,7,,—,,-6,,5,,—,
    OptumHealth,,—,,11,,13,,16,,—,,28,,20,,11,,—,,11,,39,,27,,—,,47,,35,,21,,—,,28,,21,,20,,—,,14,,22,,12,,—,,35,,34,,37,,—,,42,,24,,38,,—,,30,,9,,0,,—,,7,,26,,—,
    Optum Rx,,—,,18,,17,,50,,—,,96,,84,,41,,—,,17,,16,,11,,—,,18,,13,,14,,—,,6,,8,,12,,—,,5,,-6,,-2,,—,,3,,19,,5,,—,,6,,5,,7,,—,,13,,16,,16,,—,,8,,17,,—,
    Optum Insight,,—,,13,,27,,28,,—,,11,,23,,28,,—,,20,,12,,12,,—,,34,,22,,29,,—,,9,,16,,18,,—,,24,,7,,24,,—,,45,,36,,15,,—,,9,,10,,11,,—,,7,,15,,10,,—,,-46,,-44,,—,
  UnitedHealthcare,,—,,35,,11,,-8,,—,,-2,,-4,,13,,—,,15,,14,,13,,—,,12,,7,,7,,—,,23,,12,,4,,—,,-2,,165,,-22,,—,,42,,-56,,28,,—,,-8,,24,,43,,—,,14,,13,,21,,—,,1,,-8,,—,
Pretax Income,,2614,1.0,2490,1.0,2744,1.0,2789,1.0,2208,1.0,2701,1.0,2932,1.0,3311,1.0,2919,1.0,3130,1.0,3430,1.0,3794,1.0,3669,1.0,3724,1.0,3860,1.0,4237,1.0,4123,1.0,4432,1.0,4326,1.0,4565,1.0,4658,1.0,4559,1.0,8811,1.0,4256,1.0,—,,6342,1.0,5568,1.0,5290,1.0,—,,6517,1.0,7132,1.0,6946,1.0,6215,1.0,7332,1.0,7229,1.0,8526,1.0,6859,1.0,1,1.0,6890,1.0,7614,1.0
  Optum,,1039,0.375768535262206,742,0.281060606060606,864,0.298445595854922,1142,0.378396288933068,1519,0.61547811993517,1106,0.373648648648649,1261,0.393693412425851,1467,0.409776536312849,1789,0.561342955757766,1279,0.374743627307354,1520,0.407397480568212,1697,0.415117416829746,2215,0.556952476741262,1653,0.407846039970392,1847,0.439343482397717,2031,0.442483660130719,2700,0.600400266844563,1878,0.388658940397351,2102,0.443086003372681,2359,0.470482648583965,3020,0.592737978410206,2108,0.421937550040032,2234,0.241748728492587,2583,0.555364437755321,—,,2631,0.390414008013058,2883,0.482268317162931,3061,0.535889355742297,—,,3152,0.453525179856115,3282,0.460179472798654,3663,0.490887161618869,3959,0.574517486576694,3743,0.462898837496908,3699,0.459103884820653,3934,0.461412151067323,4567,0.593965405124203,3536,4.18461538461538,3871,0.491555555555556,4496,0.516306844281121
    OptumHealth,,341,0.123327305605787,234,0.0886363636363636,253,0.0873920552677029,363,0.120278330019881,390,0.158022690437601,300,0.101351351351351,304,0.0949110209178895,404,0.112849162011173,420,0.131785378098525,332,0.0972751245238793,422,0.113106405789333,513,0.125489236790607,556,0.139803872265527,488,0.120404638539354,570,0.13558515699334,622,0.135511982570806,750,0.166777851901268,626,0.12955298013245,688,0.145025295109612,748,0.14918228958915,901,0.176840039254171,712,0.142514011208967,841,0.0910074667243805,835,0.179531283594926,—,,962,0.142751150022258,1128,0.188691870190699,1143,0.200105042016807,—,,1366,0.196546762589928,1399,0.196158160403814,1575,0.211069418386492,1692,0.245537657814541,1776,0.219638882018303,1525,0.189276405610029,1568,0.183908045977011,1691,0.219924567564053,1899,2.24733727810651,1919,0.24368253968254,2161,0.248162609095085
    Optum Rx,,331,0.119710669077758,286,0.108333333333333,340,0.117443868739206,490,0.162359178263751,633,0.256482982171799,560,0.189189189189189,624,0.194817358726194,692,0.193296089385475,806,0.252902416065265,653,0.191327278054498,726,0.194585901902975,770,0.188356164383562,969,0.243650993210963,770,0.189982728842832,824,0.196003805899144,875,0.190631808278867,1089,0.24216144096064,820,0.169701986754967,889,0.187394603709949,979,0.1952532907858,1214,0.238272816486752,860,0.172137710168135,832,0.0900335461530137,963,0.207052246828639,—,,890,0.132067072265915,993,0.166109066577451,1012,0.177170868347339,—,,939,0.135107913669065,1044,0.146382501402131,1081,0.144867327794157,1372,0.199100275721956,1060,0.131090774177591,1206,0.149683505026685,1257,0.147431386347642,1592,0.207049031083366,1147,1.35739644970414,1406,0.178539682539682,1544,0.1773082223243
    Optum Insight,,367,0.132730560578662,222,0.0840909090909091,271,0.0936096718480138,289,0.0957587806494367,496,0.20097244732577,246,0.0831081081081081,333,0.103965032781767,371,0.103631284916201,563,0.176655161593976,294,0.0861412247289774,372,0.0997051728759046,414,0.101272015655577,690,0.173497611264772,395,0.0974586725882063,453,0.107754519505233,534,0.116339869281046,861,0.191460973982655,432,0.0894039735099338,525,0.11066610455312,632,0.126047068209015,905,0.177625122669284,536,0.10728582866293,561,0.0607077156151932,785,0.168780907331757,—,,779,0.115595785724885,762,0.127467380394781,906,0.158613445378151,—,,847,0.121870503597122,839,0.117638810992709,1007,0.13495041543822,895,0.129879553040197,907,0.112169181301014,968,0.120143974183939,1109,0.130072718742669,1284,0.166991806476785,490,0.579881656804734,546,0.0693333333333333,791,0.0908360128617363
  UnitedHealthcare,,1726,0.624231464737794,1898,0.718939393939394,2031,0.701554404145078,1876,0.621603711066932,949,0.38452188006483,1854,0.626351351351351,1942,0.606306587574149,2113,0.590223463687151,1398,0.438657044242234,2134,0.625256372692646,2211,0.592602519431788,2391,0.584882583170254,1762,0.443047523258738,2400,0.592153960029608,2357,0.560656517602284,2559,0.557516339869281,1797,0.399599733155437,2954,0.611341059602649,2642,0.556913996627319,2655,0.529517351416035,2075,0.407262021589794,2888,0.578062449959968,7007,0.758251271507413,2068,0.444635562244678,—,,4108,0.609585991986942,3095,0.517731682837069,2651,0.464110644257703,—,,3798,0.546474820143885,3850,0.539820527201346,3799,0.509112838381131,2932,0.425482513423306,4343,0.537101162503092,4358,0.540896115179347,4592,0.538587848932677,3122,0.406034594875797,-2691,-3.18461538461538,4004,0.508444444444444,4212,0.483693155718879
  Corporate,,-151,,-150,,-151,,-229,,-260,,-259,,-271,,-269,,-268,,-283,,-301,,-294,,-308,,-329,,-344,,-353,,-374,,-400,,-418,,-449,,-437,,-437,,-430,,-395,,—,,-397,,-410,,-422,,—,,-433,,—,,-516,,-676,,-754,,-828,,0,,-830,,-844,,-985,,-1094,
Revenue Growth %,,—,,—,,—,,—,,—,,—,,—,,—,,—,,—,,—,,—,,—,,—,,—,,—,,—,,—,,—,,—,,—,,—,,—,,—,,—,,—,,—,,—,,—,,—,,—,,—,,—,,—,,—,,—,,—,,—,,—,,—,
  Corporate,,—,,11,,13,,15,,—,,14,,12,,13,,—,,14,,15,,11,,—,,10,,8,,11,,—,,8,,11,,12,,—,,30,,23,,22,,—,,9,,—,,16,,—,,21,,—,,18,,—,,27,,—,,24,,—,,12,,26,,—,
  Optum,,—,,15,,16,,61,,—,,54,,52,,9,,—,,8,,10,,8,,—,,11,,9,,11,,—,,12,,13,,13.3,,—,,25,,17,,21,,—,,9,,7,,14,,—,,19,,18,,17,,—,,25,,25,,24,,—,,13,,12,,—,
    OptumHealth,,—,,27,,33,,24,,—,,22,,18,,23,,—,,18,,26,,21,,—,,22,,16,,15,,—,,17,,20,,34.4,,—,,37,,28,,29,,—,,35,,46,,32,,—,,34,,32,,34,,—,,38,,36,,29,,—,,16,,13,,—,
    Optum Rx,,—,,11,,11,,80,,—,,72,,69,,6,,—,,5,,5,,5,,—,,8,,7,,9,,—,,11,,12,,5.8,,—,,21,,13,,20,,—,,0,,5,,6,,—,,11,,10,,8,,—,,15,,15,,14,,—,,12,,-3,,—,
    Optum Insight,,—,,11,,13,,27,,—,,20,,25,,15,,—,,11,,13,,10,,—,,12,,10,,12,,—,,6,,7,,16.1,,—,,14,,13,,6,,—,,14,,12,,13,,—,,13,,11,,18,,—,,40,,42,,35,,—,,0,,-3,,—,
  UnitedHealthcare,,—,,12,,10,,9,,—,,10,,14,,13,,—,,12,,9,,10,,—,,13,,12,,13,,—,,8,,6,,4.7,,—,,4,,1,,5,,—,,8,,13,,11,,—,,14,,12,,11,,—,,13,,13,,13,,—,,7,,5,,—,
Goodwill,,32940,1.0,—,,—,,—,,44453,1.0,—,,—,,—,,47584,1.0,—,,—,,—,,54556,1.0,—,,—,,—,,58910,1.0,—,,—,,—,,65659,1.0,—,,—,,—,,—,,—,,—,,—,,—,,—,,—,,—,,93352,1.0,—,,—,,—,,103732,1.0,—,,—,,—,
  UnitedHealthcare,,24030,0.729508196721312,—,,—,,—,,22925,0.515713225204148,—,,—,,—,,23854,0.501302958977808,—,,—,,—,,24484,0.4487865679302,—,,—,,—,,26400,0.448141232388389,—,,—,,—,,27228,0.414688009259964,—,,—,,—,,—,,—,,—,,—,,—,,—,,—,,—,,27395,0.293459165309795,—,,—,,—,,27878,0.268750241005668,—,,—,,—,
  Optum,,8910,0.270491803278689,—,,—,,—,,21528,0.484286774795852,—,,—,,—,,23730,0.498697041022192,—,,—,,—,,30072,0.5512134320698,—,,—,,—,,32510,0.551858767611611,—,,—,,—,,38431,0.585311990740036,—,,—,,—,,—,,—,,—,,—,,—,,—,,—,,—,,65957,0.706540834690205,—,,—,,—,,75854,0.731249758994332,—,,—,,—,
    OptumHealth,,3834,0.116393442622951,—,,—,,—,,5660,0.127325489843205,—,,—,,—,,6322,0.132859784801614,—,,—,,—,,11488,0.210572622626292,—,,—,,—,,11947,0.202800882702427,—,,—,,—,,15342,0.233661798077948,—,,—,,—,,—,,—,,—,,—,,—,,—,,—,,—,,29238,0.313201645385209,—,,—,,—,,37079,0.357449967223229,—,,—,,—,
    Optum Rx,,840,0.0255009107468124,—,,—,,—,,11572,0.260319888421479,—,,—,,—,,12959,0.272339441829186,—,,—,,—,,12910,0.236637583400543,—,,—,,—,,14791,0.251077915464268,—,,—,,—,,14797,0.225361336602751,—,,—,,—,,—,,—,,—,,—,,—,,—,,—,,—,,19475,0.208618990487617,—,,—,,—,,19468,0.187675934137971,—,,—,,—,
    Optum Insight,,4236,0.128597449908925,—,,—,,—,,4296,0.0966413965311678,—,,—,,—,,4449,0.0934978143913921,—,,—,,—,,5674,0.104003226042965,—,,—,,—,,5772,0.097979969444916,—,,—,,—,,8292,0.126288856059337,—,,—,,—,,—,,—,,—,,—,,—,,—,,—,,—,,17244,0.184720198817379,—,,—,,—,,19307,0.186123857633132,—,,—,,—,
Assets,,86382,1.0,—,,—,,—,,111254,1.0,—,,—,,—,,122810,1.0,—,,—,,—,,139058,1.0,—,,—,,—,,152221,1.0,—,,—,,—,,173889,1.0,—,,—,,—,,—,,—,,—,,—,,—,,—,,—,,—,,245705,1.0,—,,—,,—,,273720,1.0,—,,—,,—,
  UnitedHealthcare,,62405,0.716154649468091,—,,—,,—,,64212,0.563307629549701,—,,—,,—,,70505,0.554092923831379,—,,—,,—,,76676,0.530883259134119,—,,—,,—,,82938,0.525835943344788,—,,—,,—,,88250,0.489676563774477,—,,—,,—,,—,,—,,—,,—,,—,,—,,—,,—,,107094,0.420619771415105,—,,—,,—,,110943,0.388165030404389,—,,—,,—,
  Optum,,24734,0.283845350531909,—,,—,,—,,49779,0.436692370450299,—,,—,,—,,56739,0.445907076168621,—,,—,,—,,67755,0.469116740865881,—,,—,,—,,74788,0.474164056655212,—,,—,,—,,91971,0.510323436225523,—,,—,,—,,—,,—,,—,,—,,—,,—,,—,,—,,147516,0.579380228584895,—,,—,,—,,174871,0.611834969595611,—,,—,,—,
    OptumHealth,,11148,0.12793353148418,—,,—,,—,,14600,0.128080287040205,—,,—,,—,,18656,0.146615950457389,—,,—,,—,,26931,0.186462739993492,—,,—,,—,,29837,0.189169826154217,—,,—,,—,,40444,0.224413359153484,—,,—,,—,,—,,—,,—,,—,,—,,—,,—,,—,,68950,0.270806331251718,—,,—,,—,,89432,0.312902796923874,—,,—,,—,
    Optum Rx,,5474,0.0628191739634377,—,,—,,—,,26844,0.235492275705977,—,,—,,—,,29066,0.228427273584609,—,,—,,—,,29551,0.204602889961296,—,,—,,—,,33912,0.215005769499005,—,,—,,—,,36346,0.201674610616965,—,,—,,—,,—,,—,,—,,—,,—,,—,,—,,—,,47476,0.186465574800676,—,,—,,—,,51266,0.179368400428251,—,,—,,—,
    Optum Insight,,8112,0.0930926450842906,—,,—,,—,,8335,0.073119807704117,—,,—,,—,,9017,0.0708638521266229,—,,—,,—,,11273,0.0780511109110925,—,,—,,—,,11039,0.0699884610019908,—,,—,,—,,15181,0.0842354664550746,—,,—,,—,,—,,—,,—,,—,,—,,—,,—,,—,,31090,0.122108322532501,—,,—,,—,,34173,0.119563772243487,—,,—,,—,
  Corporate,,-757,,—,,—,,—,,-2737,,—,,—,,—,,-4434,,—,,—,,—,,-5373,,—,,—,,—,,-5505,,—,,—,,—,,-6332,,—,,—,,—,,—,,—,,—,,—,,—,,—,,—,,—,,-8905,,—,,—,,—,,-12094,,—,,—,,—,
Operating Income Change Amount,,356,1.0,586,1.0,343,1.0,115,1.0,-297,,320,1.0,308,1.0,562,1.0,719,1.0,453,1.0,528,1.0,508,1.0,790,1.0,640,1.0,473,1.0,502,1.0,520,1.0,779,1.0,540,1.0,424,1.0,597,1.0,164,1.0,4497,1.0,-363,,—,,1743,1.0,-3263,,1061,1.0,—,,211,1.0,1154,1.0,1750,1.0,1350,1.0,1136,1.0,925,1.0,1064,1.0,798,1.0,-155,,-182,,—,
  Optum,,405,1.1376404494382,92,0.156996587030717,136,0.396501457725948,277,2.40869565217391,480,-1.61616161616162,364,1.1375,397,1.28896103896104,325,0.578291814946619,270,0.375521557719054,173,0.381898454746137,259,0.490530303030303,230,0.452755905511811,426,0.539240506329114,374,0.584375,327,0.691331923890063,334,0.665338645418327,485,0.932692307692308,225,0.288831835686778,255,0.472222222222222,328,0.773584905660377,320,0.536013400335008,230,1.40243902439024,132,0.0293529019346231,224,-0.617079889807163,—,,523,0.300057372346529,649,-0.198896720809071,478,0.450518378887842,—,,521,2.46919431279621,399,0.345753899480069,602,0.344,539,0.399259259259259,591,0.520246478873239,417,0.450810810810811,271,0.254699248120301,608,0.761904761904762,-207,1.33548387096774,172,-0.945054945054945,—,
    OptumHealth,,142,0.398876404494382,23,0.0392491467576792,29,0.0845481049562682,49,0.426086956521739,49,-0.164983164983165,66,0.20625,51,0.165584415584416,41,0.0729537366548043,30,0.0417246175243394,32,0.0706401766004415,118,0.223484848484848,109,0.214566929133858,136,0.172151898734177,156,0.24375,148,0.312896405919662,109,0.217131474103586,194,0.373076923076923,138,0.177150192554557,118,0.218518518518519,126,0.297169811320755,151,0.252931323283082,86,0.524390243902439,153,0.0340226817878586,87,-0.239669421487603,—,,250,0.143430866322433,287,-0.0879558688323629,308,0.290292177191329,—,,404,1.91469194312796,271,0.234835355285962,432,0.246857142857143,463,0.342962962962963,410,0.360915492957746,126,0.136216216216216,-7,-0.00657894736842105,-1,-0.0012531328320802,123,-0.793548387096774,394,-2.16483516483516,—,
    Optum Rx,,77,0.216292134831461,44,0.0750853242320819,49,0.142857142857143,164,1.42608695652174,302,-1.01683501683502,274,0.85625,284,0.922077922077922,202,0.359430604982206,173,0.240611961057024,93,0.205298013245033,102,0.193181818181818,78,0.153543307086614,163,0.206329113924051,117,0.1828125,98,0.207188160676533,105,0.209163346613546,120,0.230769230769231,50,0.0641848523748395,65,0.12037037037037,104,0.245283018867925,125,0.209380234505863,40,0.24390243902439,-57,-0.0126751167444963,-16,0.0440771349862259,—,,30,0.0172117039586919,161,-0.0493410971498621,49,0.0461828463713478,—,,49,0.232227488151659,51,0.0441941074523397,69,0.0394285714285714,132,0.0977777777777778,121,0.106514084507042,162,0.175135135135135,176,0.165413533834586,220,0.275689223057644,87,-0.561290322580645,200,-1.0989010989011,—,
    Optum Insight,,186,0.52247191011236,25,0.0426621160409556,58,0.169096209912536,64,0.556521739130435,129,-0.434343434343434,24,0.075,62,0.201298701298701,82,0.145907473309609,67,0.0931849791376912,48,0.105960264900662,39,0.0738636363636364,43,0.0846456692913386,127,0.160759493670886,101,0.1578125,81,0.171247357293869,120,0.239043824701195,171,0.328846153846154,37,0.0474967907573813,72,0.133333333333333,98,0.231132075471698,44,0.0737018425460637,104,0.634146341463415,36,0.00800533689126084,153,-0.421487603305785,—,,243,0.139414802065404,201,-0.0615997548268465,121,0.114043355325165,—,,68,0.322274881516588,77,0.0667244367417678,101,0.0577142857142857,-56,-0.0414814814814815,60,0.0528169014084507,129,0.139459459459459,102,0.0958646616541353,389,0.487468671679198,-417,2.69032258064516,-422,2.31868131868132,—,
  UnitedHealthcare,,-49,-0.137640449438202,494,0.843003412969283,207,0.603498542274053,-162,-1.40869565217391,-777,2.61616161616162,-44,-0.1375,-89,-0.288961038961039,237,0.421708185053381,449,0.624478442280946,280,0.618101545253863,269,0.509469696969697,278,0.547244094488189,364,0.460759493670886,266,0.415625,146,0.308668076109937,168,0.334661354581673,35,0.0673076923076923,554,0.711168164313222,285,0.527777777777778,96,0.226415094339623,277,0.463986599664992,-66,-0.402439024390244,4365,0.970647098065377,-587,1.61707988980716,—,,1220,0.699942627653471,-3912,1.19889672080907,583,0.549481621112158,—,,-310,-1.46919431279621,755,0.654246100519931,1148,0.656,811,0.600740740740741,545,0.479753521126761,508,0.549189189189189,793,0.745300751879699,190,0.238095238095238,52,-0.335483870967742,-354,1.94505494505495,—,
Depreciation and Amortization,,—,,—,,—,,—,,—,,—,,—,,—,,—,,—,,—,,—,,—,,—,,—,,—,,—,,—,,—,,—,,—,,—,,—,,—,,—,,—,,—,,—,,—,,—,,—,,—,,—,,—,,—,,—,,3972,1.0,—,,—,,—,
  UnitedHealthcare,,—,,—,,—,,—,,—,,—,,—,,—,,—,,—,,—,,—,,—,,—,,—,,—,,—,,—,,—,,—,,—,,—,,—,,—,,—,,—,,—,,—,,—,,—,,—,,—,,—,,—,,—,,—,,989,0.248992950654582,—,,—,,—,
  Optum,,—,,—,,—,,—,,—,,—,,—,,—,,—,,—,,—,,—,,—,,—,,—,,—,,—,,—,,—,,—,,—,,—,,—,,—,,—,,—,,—,,—,,—,,—,,—,,—,,—,,—,,—,,—,,2983,0.751007049345418,—,,—,,—,
    OptumHealth,,—,,—,,—,,—,,—,,—,,—,,—,,—,,—,,—,,—,,—,,—,,—,,—,,—,,—,,—,,—,,—,,—,,—,,—,,—,,—,,—,,—,,—,,—,,—,,—,,—,,—,,—,,—,,1058,0.266364551863041,—,,—,,—,
    Optum Rx,,—,,—,,—,,—,,—,,—,,—,,—,,—,,—,,—,,—,,—,,—,,—,,—,,—,,—,,—,,—,,—,,—,,—,,—,,—,,—,,—,,—,,—,,—,,—,,—,,—,,—,,—,,—,,696,0.175226586102719,—,,—,,—,
    Optum Insight,,—,,—,,—,,—,,—,,—,,—,,—,,—,,—,,—,,—,,—,,—,,—,,—,,—,,—,,—,,—,,—,,—,,—,,—,,—,,—,,—,,—,,—,,—,,—,,—,,—,,—,,—,,—,,1229,0.309415911379658,—,,—,,—,
  Corporate,,—,,—,,—,,—,,—,,—,,—,,—,,—,,—,,—,,—,,—,,—,,—,,—,,—,,—,,—,,—,,—,,—,,—,,—,,—,,—,,—,,—,,—,,—,,—,,—,,—,,—,,—,,—,,0,,—,,—,,—,
Capital Expenditures,,—,,—,,—,,—,,—,,—,,—,,—,,—,,—,,—,,—,,—,,—,,—,,—,,—,,—,,—,,—,,—,,—,,—,,—,,—,,—,,—,,—,,—,,—,,—,,—,,—,,—,,—,,—,,-3386,,—,,—,,—,
  UnitedHealthcare,,—,,—,,—,,—,,—,,—,,—,,—,,—,,—,,—,,—,,—,,—,,—,,—,,—,,—,,—,,—,,—,,—,,—,,—,,—,,—,,—,,—,,—,,—,,—,,—,,—,,—,,—,,—,,-866,0.255759007678677,—,,—,,—,
  Optum,,—,,—,,—,,—,,—,,—,,—,,—,,—,,—,,—,,—,,—,,—,,—,,—,,—,,—,,—,,—,,—,,—,,—,,—,,—,,—,,—,,—,,—,,—,,—,,—,,—,,—,,—,,—,,-2520,0.744240992321323,—,,—,,—,
    OptumHealth,,—,,—,,—,,—,,—,,—,,—,,—,,—,,—,,—,,—,,—,,—,,—,,—,,—,,—,,—,,—,,—,,—,,—,,—,,—,,—,,—,,—,,—,,—,,—,,—,,—,,—,,—,,—,,-1199,0.354105138806852,—,,—,,—,
    Optum Rx,,—,,—,,—,,—,,—,,—,,—,,—,,—,,—,,—,,—,,—,,—,,—,,—,,—,,—,,—,,—,,—,,—,,—,,—,,—,,—,,—,,—,,—,,—,,—,,—,,—,,—,,—,,—,,-347,0.102480803307738,—,,—,,—,
    Optum Insight,,—,,—,,—,,—,,—,,—,,—,,—,,—,,—,,—,,—,,—,,—,,—,,—,,—,,—,,—,,—,,—,,—,,—,,—,,—,,—,,—,,—,,—,,—,,—,,—,,—,,—,,—,,—,,-974,0.287655050206734,—,,—,,—,
  Corporate,,—,,—,,—,,—,,—,,—,,—,,—,,—,,—,,—,,—,,—,,—,,—,,—,,—,,—,,—,,—,,—,,—,,—,,—,,—,,—,,—,,—,,—,,—,,—,,—,,—,,—,,—,,—,,0,,—,,—,,—,
Source: Bloomberg,,,,,,,,,,,,,,,,,,,,,,,,,,,,,,,,,,,,,,,,,,,,,,,,,,,,,,,,,,,,,,,,,,,,,,,,,,,,,,,,,
