Unnamed: 0,Unnamed: 1,Unnamed: 2,Unnamed: 3,Unnamed: 4,Unnamed: 5,Unnamed: 6,Unnamed: 7,Unnamed: 8,Unnamed: 9,Unnamed: 10,Unnamed: 11,Unnamed: 12,Unnamed: 13,Unnamed: 14,Unnamed: 15,Unnamed: 16,Unnamed: 17,Unnamed: 18,Unnamed: 19,Unnamed: 20,Unnamed: 21,Unnamed: 22,Unnamed: 23,Unnamed: 24,Unnamed: 25,Unnamed: 26,Unnamed: 27,Unnamed: 28,Unnamed: 29,Unnamed: 30,Unnamed: 31,Unnamed: 32,Unnamed: 33,Unnamed: 34,Unnamed: 35,Unnamed: 36,Unnamed: 37,Unnamed: 38,Unnamed: 39,Unnamed: 40,Unnamed: 41,Unnamed: 42,Unnamed: 43,Unnamed: 44,Unnamed: 45,Unnamed: 46,Unnamed: 47,Unnamed: 48,Unnamed: 49,Unnamed: 50,Unnamed: 51,Unnamed: 52,Unnamed: 53,Unnamed: 54,Unnamed: 55,Unnamed: 56,Unnamed: 57,Unnamed: 58,Unnamed: 59,Unnamed: 60,Unnamed: 61,Unnamed: 62,Unnamed: 63,Unnamed: 64,Unnamed: 65,Unnamed: 66,Unnamed: 67,Unnamed: 68,Unnamed: 69,Unnamed: 70,Unnamed: 71,Unnamed: 72,Unnamed: 73,Unnamed: 74,Unnamed: 75,Unnamed: 76,Unnamed: 77,Unnamed: 78,Unnamed: 79,Unnamed: 80,Unnamed: 81
Walmart Inc (WMT US) - By Measure,,,,,,,,,,,,,,,,,,,,,,,,,,,,,,,,,,,,,,,,,,,,,,,,,,,,,,,,,,,,,,,,,,,,,,,,,,,,,,,,,
,,,,,,,,,,,,,,,,,,,,,,,,,,,,,,,,,,,,,,,,,,,,,,,,,,,,,,,,,,,,,,,,,,,,,,,,,,,,,,,,,
In Millions of USD except Per Share,,Q3 2005,,Q4 2005,,Q1 2006,,Q2 2006,,Q3 2006,,Q4 2006,,Q1 2007,,Q2 2007,,Q3 2007,,Q4 2007,,Q1 2008,,Q2 2008,,Q3 2008,,Q4 2008,,Q1 2009,,Q2 2009,,Q3 2009,,Q4 2009,,Q1 2010,,Q2 2010,,Q3 2010,,Q4 2010,,Q1 2011,,Q2 2011,,Q3 2011,,Q4 2011,,Q1 2012,,Q2 2012,,Q3 2012,,Q4 2012,,Q1 2013,,Q2 2013,,Q3 2013,,Q4 2013,,Q1 2014,,Q2 2014,,Q3 2014,,Q4 2014,,Q1 2015,,Q2 2015,
3 Months Ending,,10/31/2004,,01/31/2005,,04/30/2005,,07/31/2005,,10/31/2005,,01/31/2006,,04/30/2006,,07/31/2006,,10/31/2006,,01/31/2007,,04/30/2007,,07/31/2007,,10/31/2007,,01/31/2008,,04/30/2008,,07/31/2008,,10/31/2008,,01/31/2009,,04/30/2009,,07/31/2009,,10/31/2009,,01/31/2010,,04/30/2010,,07/31/2010,,10/31/2010,,01/31/2011,,04/30/2011,,07/31/2011,,10/31/2011,,01/31/2012,,04/30/2012,,07/31/2012,,10/31/2012,,01/31/2013,,04/30/2013,,07/31/2013,,10/31/2013,,01/31/2014,,04/30/2014,,07/31/2014,
Revenue,,68520,1.0,82217,1.0,71680,1.0,76697,1.0,75397,1.0,89273,1.0,79676,1.0,85430,1.0,84467,1.0,99078,1.0,86410,1.0,92999,1.0,91865,1.0,107202,1.0,94940,1.0,102342,1.0,98345,1.0,108747,1.0,94242,1.0,0.19509,1.0,99380,1.0,113622,1.0,99811,1.0,103726,1.0,101952,1.0,116360,1.0,104189,1.0,109366,1.0,110226,1.0,123169,1.0,113010,1.0,114282,1.0,113800,1.0,127776,1.0,114070,1.0,116830,1.0,115688,1.0,129706,1.0,114960,1.0,120125,1.0
  Wal-Mart Stores,,45147,0.666091267206657,52308,0.642896648353674,47641,0.671870592880916,51809,0.682307854396039,50243,0.673534773982519,55452,0.674467256981609,52499,0.665935181074396,55389,0.655305002129573,54179,0.648516332906408,64228,0.654786420634111,55437,0.649244030121681,59013,0.641515382106751,57651,0.634741153414221,67428,0.63486742994878,58991,0.627283554156653,63989,0.630147913260985,61075,0.625646646656901,71464,0.661728212156006,61627,0.659316793443956,0.126272,0.652100041830416,62210,0.630504626673559,70969,0.629012816194849,62324,0.628919139832689,64654,0.627611244855168,62178,0.61417042839222,71105,0.615095155709343,62669,0.605995261809215,64893,0.597332425118283,63835,0.582882866430476,72789,0.595240626405528,66333,0.590866172593173,67343,0.593225863284003,66113,0.584672391379326,74644,0.587933207309389,66553,0.587337728239478,68728,0.591967338782612,67692,0.589261464535673,76433,0.593488422654636,67852,0.594322352343497,70601,0.591615271167125
  Walmart International,,13550,0.199914427772614,18400,0.226147020144292,14112,0.199018446437637,14154,0.186403624295422,14334,0.19215507533916,16784,0.204145178554053,16561,0.210071668675081,18663,0.220801192560693,19158,0.229319033312187,22734,0.23176674482618,19627,0.22985934627051,21600,0.234808131318622,22349,0.2460639024068,26949,0.253737948177162,23927,0.254428872206036,25257,0.248724715892305,24905,0.255124514694885,24696,0.228675136116152,20621,0.22061388024093,0.043953,0.226984233547994,24631,0.249637670143006,29572,0.262102706822895,25030,0.252580804666135,25901,0.251426962801895,26919,0.265895554084888,31382,0.271470588235294,27905,0.269835130300247,30099,0.277057751431359,32383,0.295691953687132,35486,0.290190947377029,32077,0.285728283332146,32016,0.282029598308668,33046,0.292243338609974,37826,0.297936357908003,32889,0.290249132932673,32841,0.282865780656497,33109,0.288215118910826,37674,0.292531796934449,32424,0.28400501020435,33872,0.283837232687538
  Sam’s Club,,9082,0.133994305020729,10655,0.130956331502034,9155,0.129110960681446,9969,0.131288521308539,10019,0.134310150678321,9980,0.121387564464338,9775,0.123993150250523,10472,0.123893805309735,10206,0.122164633781406,11128,0.113446834539708,10323,0.120896623607809,11377,0.123676486574628,10826,0.11919494417898,11831,0.111394621874058,11124,0.118287573637311,12300,0.12112737084671,11639,0.119228838648214,11836,0.109596651727842,11223,0.120069326315114,0.023414,0.12091572462159,11826,0.119857703183435,12285,0.108884476982256,11743,0.118500055501176,12461,0.120961792342937,12142,0.119934017522891,13113,0.113434256055363,12841,0.124169607890538,13646,0.125609823450358,13298,0.121425179882392,14010,0.114568426217443,13854,0.123405544074681,14161,0.124744538407329,13918,0.123084270010701,14490,0.114130434782609,13871,0.122413138827849,14532,0.125166880560891,14075,0.122523416553501,14679,0.113979780410914,13891,0.121672637452153,14863,0.124547496145338
  Corporate & Support,,741,,854,,772,,765,,801,,683,,841,,906,,924,,988,,1023,,1009,,1039,,994,,898,,796,,726,,751,,771,,0.001451,,713,,796,,714,,710,,713,,760,,774,,728,,710,,884,,746,,762,,723,,816,,757,,729,,812,,920,,793,,789,
  Adjustment,,—,,—,,—,,—,,—,,6374,,—,,—,,—,,—,,—,,—,,—,,—,,—,,—,,—,,—,,—,,—,,—,,—,,—,,—,,—,,—,,—,,—,,—,,—,,—,,—,,—,,—,,—,,—,,—,,—,,—,,—,
Percentage of Revenue,,—,,—,,—,,—,,—,,—,,—,,—,,—,,—,,—,,—,,—,,—,,—,,—,,—,,—,,—,,—,,—,,—,,—,,—,,—,,—,,—,,—,,—,,—,,—,,—,,—,,—,,—,,—,,—,,—,,—,,—,
  Wal-Mart Stores,,—,,—,,—,,68.2,,67.4,,—,,66.6,,65.5,,64.9,,—,,64.9,,64.1,,63.5,,—,,62.8,,63,,62.6,,—,,65.9,,64.5,,63.1,,—,,62.9,,62.8,,61.4,,—,,60.6,,59.7,,58.3,,—,,59.1,,59.3,,58.5,,—,,58.7,,59.2,,58.9,,—,,59.4,,59.1,
  Walmart International,,—,,—,,—,,18.7,,19.2,,—,,21,,22.1,,22.9,,—,,23,,23.5,,24.6,,—,,25.4,,24.9,,25.5,,—,,22.1,,23.3,,24.9,,—,,25.2,,25.1,,26.6,,—,,27,,27.7,,29.6,,—,,28.6,,28.2,,29.2,,—,,29,,28.3,,28.8,,—,,28.4,,28.4,
  Sam’s Club,,—,,—,,—,,13.1,,13.4,,—,,12.4,,12.4,,12.2,,—,,12.1,,12.4,,11.9,,—,,11.8,,12.1,,11.9,,—,,12,,12.2,,12,,—,,11.9,,12.1,,12,,—,,12.4,,12.6,,12.1,,—,,12.3,,12.5,,12.3,,—,,12.3,,12.5,,12.3,,—,,12.2,,12.5,
    Food,,—,,—,,—,,—,,—,,—,,—,,—,,—,,—,,—,,12.4,,—,,—,,—,,—,,—,,—,,—,,—,,—,,—,,—,,—,,—,,—,,—,,—,,—,,—,,—,,—,,—,,—,,—,,—,,—,,—,,—,,—,
Net Sales % Increased at Constant Currency,,—,,—,,—,,—,,—,,—,,—,,—,,—,,—,,—,,—,,—,,—,,—,,—,,—,,—,,—,,—,,—,,—,,—,,—,,—,,—,,—,,—,,—,,—,,—,,—,,—,,—,,—,,—,,—,,—,,—,,—,
  Sam’s Club,,—,,—,,—,,—,,—,,—,,—,,—,,—,,—,,—,,—,,—,,—,,—,,—,,—,,—,,—,,—,,—,,—,,—,,—,,—,,—,,—,,—,,—,,—,,—,,7.2,,—,,—,,—,,—,,—,,—,,—,,5.3,
  Walmart International,,—,,—,,—,,—,,—,,—,,—,,—,,—,,—,,—,,—,,—,,—,,—,,—,,—,,—,,—,,—,,—,,—,,—,,—,,—,,—,,—,,—,,—,,—,,—,,—,,7.6,,—,,5.4,,4.4,,4.1,,4.3,,3.4,,5.3,
Operating Income,,3784,1.0,6035,1.0,3941,1.0,4730,1.0,4098,1.0,5006,1.0,4451,1.0,5104,1.0,4465,1.0,6433,1.0,4850,1.0,5293,1.0,4961,1.0,6858,1.0,5359,1.0,5813,1.0,5346,1.0,6377,1.0,5217,1.0,—,,5442,1.0,7458,1.0,5737,1.0,6190,1.0,5611,1.0,8004,1.0,5896,1.0,6383,1.0,5878,1.0,8401,1.0,6387,1.0,6698,1.0,6093,1.0,8577,1.0,6438,1.0,6793,1.0,6310,1.0,7347,1.0,6193,1.0,6740,1.0
  Wal-Mart Stores,,3115,0.756251517358582,4242,0.760760401721664,3307,0.774654485828063,3992,0.773343665246029,3312,0.73632725655847,4714,0.755812089145423,3981,0.794135248354279,4116,0.747141041931385,3611,0.729937335759046,5248,0.735219949565705,3979,0.757616146230008,4273,0.74158278375564,3995,0.736677115987461,5302,0.707782672540382,4362,0.751421188630491,4667,0.737748972494467,4286,0.733652858610065,5343,0.734837023793151,4391,0.778408083673108,—,,4318,0.745639785874633,5743,0.725034717838657,4615,0.753223437244981,4881,0.738650121065375,4402,0.734646194926569,6021,0.70760371371489,4657,0.751129032258064,4989,0.72472399767577,4634,0.723045716960524,6111,0.684475806451613,5033,0.735818713450292,5251,0.722184018704442,4841,0.721783211570001,6369,0.685797351135996,5197,0.758686131386861,5521,0.732519570120738,4991,0.732892804698972,6378,0.7861456920991,4975,0.747445913461538,5252,0.725915687629578
  Walmart International,,698,0.169458606457878,979,0.175573888091822,667,0.156242679784493,799,0.154784967067028,844,0.187638950644731,1146,0.183742183742184,713,0.142230201476162,991,0.179887456888728,995,0.201131999191429,1513,0.211964135612216,903,0.171934501142422,1042,0.180839986115932,1069,0.197123363451964,1743,0.23267921505807,1050,0.180878552971576,1218,0.192538729054695,1182,0.202327969873331,1490,0.204923669371476,857,0.151923417833717,—,,1078,0.186150923847349,1868,0.235828809493751,1083,0.176758609433654,1299,0.1965799031477,1223,0.204105473965287,2001,0.235162768833,1088,0.175483870967742,1408,0.204532248692621,1389,0.216726478389764,2297,0.257280465949821,1318,0.192690058479532,1484,0.204098473387429,1432,0.213508274936633,2416,0.260148594809949,1163,0.16978102189781,1465,0.194374419530317,1379,0.202496328928047,1310,0.161469246887711,1202,0.180588942307692,1489,0.205805114029026
  Sam’s Club,,306,0.0742898761835397,355,0.0636657101865136,295,0.0691028343874444,371,0.071871367686943,342,0.0760337927967986,377,0.0604457271123938,319,0.0636345501695591,402,0.0729715011798875,341,0.068930665049525,377,0.052815914822079,370,0.0704493526275704,447,0.0775772301284276,359,0.0661995205605753,446,0.0595381124015485,393,0.0677002583979328,441,0.0697122984508378,374,0.0640191715166039,438,0.0602393068353734,393,0.069668498493175,—,,395,0.0682092902780176,310,0.0391364726675925,429,0.0700179533213645,428,0.0647699757869249,367,0.0612483311081442,487,0.0572335174521095,455,0.0733870967741935,487,0.0707437536316095,386,0.0602278046497113,520,0.0582437275985663,489,0.0714912280701754,536,0.0737175079081282,434,0.0647085134933651,502,0.0540540540540541,490,0.0715328467153285,551,0.0731060103489452,440,0.0646108663729809,425,0.0523850610131887,479,0.0719651442307692,494,0.068279198341396
  Corporate & Support,,-335,,459,,-328,,-432,,-400,,-1231,,-562,,-405,,-482,,-705,,-402,,-469,,-462,,-633,,-446,,-513,,-496,,-894,,-424,,—,,-349,,-463,,-390,,-418,,-381,,-505,,-304,,-501,,-531,,-527,,-453,,-573,,-614,,-710,,-412,,-744,,-500,,-766,,-463,,-495,
Operating Margin,,—,,—,,—,,—,,—,,—,,—,,—,,—,,—,,—,,—,,—,,—,,—,,—,,—,,—,,—,,—,,—,,—,,—,,—,,—,,—,,—,,—,,—,,—,,—,,—,,—,,—,,—,,—,,—,,—,,—,,—,
  Wal-Mart Stores,,6.8,,—,,6.9,,7.7,,6.6,,—,,7.3,,7.4,,6.7,,—,,2.1,,7.2,,6.9,,—,,7.3,,7.3,,7,,—,,7.3,,7.6,,—,,—,,7.4,,7.5,,—,,—,,7.4,,7.7,,7.3,,—,,7.6,,7.8,,7.3,,—,,7.8,,7.8,,7.4,,—,,7.3,,7.4,
  Walmart International,,5.2,,—,,4.7,,5.6,,5.3,,—,,4.6,,5.3,,5.2,,—,,19.3,,4.8,,4.8,,—,,4.4,,4.8,,4.8,,—,,4.1,,4.8,,—,,—,,4.3,,5,,—,,—,,3.9,,4.7,,4.3,,—,,4.1,,4.6,,4.3,,—,,3.5,,4.2,,4.2,,—,,3.7,,4.4,
  Sam’s Club,,3.4,,—,,3.2,,3.7,,3.4,,—,,3.1,,3.8,,3.3,,—,,20.1,,3.9,,3.3,,—,,3.5,,3.6,,3.1,,—,,3.6,,3.5,,—,,—,,3.7,,3.4,,—,,—,,3.5,,3.6,,3.5,,—,,3.5,,3.8,,3.1,,—,,3.5,,3.6,,3.1,,—,,3.4,,3.3,
  Other /McLane,,—,,—,,—,,—,,—,,—,,—,,—,,—,,—,,—,,—,,—,,—,,—,,—,,—,,—,,—,,—,,—,,—,,—,,—,,—,,—,,—,,—,,—,,—,,3.5,,—,,—,,—,,—,,—,,—,,—,,—,,—,
Operating Income Growth %,,—,,—,,—,,—,,—,,—,,—,,—,,—,,—,,—,,—,,—,,—,,—,,—,,—,,—,,—,,—,,—,,—,,—,,—,,—,,—,,—,,—,,—,,—,,—,,—,,—,,—,,—,,—,,—,,—,,—,,—,
  Walmart International,,23.8,,—,,18.5,,-1,,14.2,,14.1,,6.8,,24.8,,19.2,,32,,19.3,,5.1,,6.8,,14.5,,19.2,,16.5,,10.7,,-14.3,,-16.2,,-6.2,,-5.3,,—,,—,,—,,—,,7.1,,1.2,,8.9,,14.2,,6.1,,18.5,,6.4,,4.8,,-45.8,,-4.7,,-1.3,,1.7,,-45.8,,3.4,,8,
  Corporate & Support,,—,,—,,—,,—,,—,,0,,—,,—,,—,,0,,-13.9,,—,,—,,—,,19.9,,—,,—,,—,,—,,—,,18.7,,—,,—,,—,,—,,—,,-20.8,,21.8,,40.7,,—,,-5.2,,—,,16.4,,0,,44.4,,30.8,,21.2,,—,,12.4,,1.6,
  Wal-Mart Stores,,5,,—,,6,,8.3,,6.3,,11.1,,17.3,,4.2,,10.4,,11.3,,2.1,,3.8,,10.8,,5.3,,9.3,,10.8,,7.3,,2.2,,3.3,,5,,6.9,,—,,—,,—,,—,,4.8,,0.8,,2.1,,5.1,,4.3,,8.1,,3.8,,4.5,,0.1,,5.9,,5.2,,5.8,,0.1,,-4.3,,-2.4,
  Sam’s Club,,13.3,,—,,10.5,,5.4,,11.8,,6.2,,3.8,,8.4,,-2,,15.4,,20.1,,11.5,,6.8,,5.3,,4.8,,-2.9,,1.6,,-3.8,,0,,-5,,5.6,,—,,—,,—,,—,,57.1,,7,,15,,6.3,,-3.5,,7.7,,3.8,,12.7,,-15.3,,7.4,,3,,9.2,,-15.3,,-2.2,,-4.6,
Revenue Growth %,,—,,—,,—,,—,,—,,—,,—,,—,,—,,—,,—,,—,,—,,—,,—,,—,,—,,—,,—,,—,,—,,—,,—,,—,,—,,—,,—,,—,,—,,—,,—,,—,,—,,—,,—,,—,,—,,—,,—,,—,
  Walmart International,,18,,—,,12.4,,12.3,,12.2,,9.6,,25.4,,31.9,,33.7,,29.6,,18.5,,15.7,,17,,18.8,,22,,17,,11.2,,-8.4,,22.1,,-5.1,,1.6,,19.5,,21.4,,11,,9.3,,8.9,,11.5,,16.2,,20.3,,6.9,,15,,6.4,,2.4,,-0.4,,29,,2.9,,0.2,,-0.4,,-1.4,,3.1,
  Wal-Mart Stores,,8.3,,—,,9.3,,10.4,,9.8,,8.6,,65.9,,6.9,,7.8,,6.7,,5.6,,6.5,,6.4,,5,,3.8,,8.6,,6.2,,6,,3.8,,0.3,,1.2,,-0.5,,1.1,,62.8,,-0.1,,-0.5,,0.6,,0.4,,2.7,,2.4,,5.9,,3.8,,3.6,,2.4,,58.7,,2.1,,2.4,,2.4,,2,,2.7,
  Sam’s Club,,5.5,,—,,5.9,,5.9,,7.4,,6.8,,12.3,,5,,1.9,,4.4,,5.6,,8.6,,6.1,,6.3,,-1.4,,8.2,,7.4,,0,,-11.1,,-3.2,,-0.7,,3.8,,4.6,,12.1,,2.7,,4.4,,9.4,,9.5,,9.5,,6.8,,7.9,,3.8,,4.7,,1.3,,12.3,,2.6,,1.1,,1.3,,0.1,,2.3,
Goodwill,,10191,1.0,10803,1.0,10786,1.0,10324,1.0,10467,1.0,12097,1.0,12807,1.0,13269,1.0,13257,1.0,13759,1.0,14585,1.0,14655,1.0,14898,1.0,15879,1.0,16428,1.0,16400,1.0,15416,1.0,15260,1.0,14882,1.0,—,,16162,1.0,16126,1.0,15859,1.0,15993,1.0,16586,1.0,16763,1.0,—,,—,,—,,20651,1.0,—,,—,,—,,20497,1.0,—,,—,,—,,19510,1.0,—,,—,
  Other /McLane,,0,,—,,—,,—,,—,,—,,—,,—,,—,,—,,—,,—,,—,,—,,—,,—,,—,,—,,—,,—,,—,,—,,—,,—,,—,,—,,—,,—,,—,,—,,—,,—,,—,,—,,—,,—,,—,,—,,—,,—,
  Sam’s Club,,305,0.0299283681679914,305,0.0282328982689993,305,0.028277396625255,305,0.0295428128632313,305,0.0291391993885545,305,0.0252128626932297,305,0.0238151011165769,305,0.0229859070012812,305,0.023006713434412,305,0.0221673086706883,305,0.020911895783339,305,0.0208120095530536,305,0.0204725466505571,305,0.0192077586749795,305,0.0185658631604578,305,0.0185975609756098,305,0.0197846393357551,313,0.0205111402359109,305,0.0204945571831743,—,,305,0.0188714268036134,313,0.0194096490140146,313,0.0197364272652752,313,0.0195710623397737,313,0.0188713372723984,313,0.0186720754041639,—,,—,,—,,313,0.0151566510096363,—,,—,,—,,313,0.0152705273942528,—,,—,,—,,313,0.0160430548436699,—,,—,
  Walmart International,,9886,0.970071631832009,10498,0.971767101731001,10481,0.971722603374745,10019,0.970457187136769,10162,0.970860800611446,11792,0.97478713730677,12502,0.976184898883423,12964,0.977014092998719,12952,0.976993286565588,13454,0.977832691329312,14280,0.979088104216661,14350,0.979187990446946,14593,0.979527453349443,15574,0.980792241325021,16123,0.981434136839542,16095,0.98140243902439,15111,0.980215360664245,14740,0.965923984272608,14577,0.979505442816826,—,,15857,0.981128573196387,15606,0.967753937740295,15339,0.967211047354814,15473,0.967485775026574,16034,0.966718919570722,16211,0.967070333472529,—,,—,,—,,19899,0.963585298532759,—,,—,,—,,19741,0.963116553641996,—,,—,,—,,18746,0.960840594566889,—,,—,
  Wal-Mart Stores,,—,,—,,—,,—,,—,,—,,—,,—,,—,,—,,—,,—,,—,,—,,—,,—,,—,,207,0.013564875491481,—,,—,,—,,207,0.0128364132456902,207,0.0130525253799105,207,0.0129431626336522,239,0.0144097431568793,239,0.0142575911233073,—,,—,,—,,439,0.021258050457605,—,,—,,—,,443,0.0216129189637508,—,,—,,—,,451,0.0231163505894413,—,,—,
Assets,,—,,120154,1.0,—,,—,,—,,138187,1.0,—,,—,,—,,151587,1.0,—,,—,,—,,163514,1.0,—,,—,,—,,163429,1.0,—,,—,,—,,170407,1.0,—,,—,,—,,180782,1.0,—,,—,,—,,193406,1.0,—,,—,,—,,203105,1.0,—,,—,,—,,204751,1.0,—,,—,
  Adjustment,,—,,—,,—,,—,,—,,2563,,—,,—,,—,,—,,—,,—,,—,,—,,—,,—,,—,,528,,—,,—,,—,,140,,—,,—,,—,,—,,—,,—,,—,,—,,—,,—,,—,,—,,—,,—,,—,,—,,—,,—,
  Corporate & Support,,—,,43999,,—,,—,,—,,48111,,—,,—,,—,,5196,,—,,—,,—,,4545,,—,,—,,—,,7080,,—,,—,,—,,7464,,—,,—,,—,,6908,,—,,—,,—,,6150,,—,,—,,—,,7697,,—,,—,,—,,6583,,—,,—,
  Sam’s Club,,—,,5685,0.0746503840850896,—,,—,,—,,5686,0.0649732039811228,—,,—,,—,,11448,0.0782015287825071,—,,—,,—,,11722,0.0737376469626154,—,,—,,—,,12388,0.0795014792614603,—,,—,,—,,12050,0.074015835089034,—,,—,,—,,12536,0.0720981860427666,—,,—,,—,,12824,0.0684837869013543,—,,—,,—,,13479,0.0689787521493491,—,,—,,—,,14053,0.0709145775301764,—,,—,
  Walmart International,,—,,40981,0.538126190007222,—,,—,,—,,49018,0.560122496086296,—,,—,,—,,55903,0.381874568791797,—,,—,,—,,62961,0.396058350999251,—,,—,,—,,59071,0.379095243901656,—,,—,,—,,66515,0.408561267298514,—,,—,,—,,71172,0.409330894785879,—,,—,,—,,81289,0.434106250267014,—,,—,,—,,85695,0.438543969540653,—,,—,,—,,85370,0.430796092204594,—,,—,
  Wal-Mart Stores,,—,,29489,0.387223425907688,—,,—,,—,,32809,0.374904299932581,—,,—,,—,,79040,0.539923902425696,—,,—,,—,,84286,0.530204002038133,—,,—,,—,,84362,0.541403276836883,—,,—,,—,,84238,0.517422897612452,—,,—,,—,,90166,0.518570919171354,—,,—,,—,,93143,0.497409962831632,—,,—,,—,,96234,0.492477278309998,—,,—,,—,,98745,0.498289330265229,—,,—,
SG&A,,12910,1.0,9416,1.0,13168,1.0,14054,1.0,13974,1.0,14617,1.0,16249,1.0,15741,1.0,16237,1.0,17080,1.0,16249,1.0,17127,1.0,17653,1.0,19224,1.0,18251,1.0,19411,1.0,19432,1.0,20425,1.0,18637,1.0,19891,1.0,20016,1.0,21086,1.0,19456,1.0,20013,1.0,20522,1.0,21285,1.0,20116,1.0,21213,1.0,21757,1.0,22179,1.0,21445,1.0,21941,1.0,22237,1.0,23125,1.0,21641,1.0,22633,1.0,22691,1.0,24388,1.0,22053,1.0,23375,1.0
  Wal-Mart Stores,,12910,1.0,9416,1.0,13168,1.0,14054,1.0,13974,1.0,14617,1.0,16249,1.0,15741,1.0,16237,1.0,17080,1.0,16249,1.0,17127,1.0,17653,1.0,19224,1.0,18251,1.0,19411,1.0,19432,1.0,20425,1.0,18637,1.0,19891,1.0,20016,1.0,21086,1.0,19456,1.0,20013,1.0,20522,1.0,21285,1.0,20116,1.0,21213,1.0,21757,1.0,22179,1.0,21445,1.0,21941,1.0,22237,1.0,23125,1.0,21641,1.0,22633,1.0,22691,1.0,24388,1.0,22053,1.0,23375,1.0
Same Store Sales %,,—,,—,,—,,—,,—,,—,,—,,—,,—,,—,,—,,—,,—,,—,,—,,—,,—,,—,,—,,—,,—,,—,,—,,—,,—,,—,,—,,—,,—,,—,,—,,—,,—,,—,,—,,—,,—,,—,,—,,—,
  Sam’s Club,,—,,—,,3.5,,—,,—,,—,,4.3,,2.6,,1.8,,3.1,,4.7,,5.9,,3.9,,2.5,,6.7,,4.1,,4.1,,2.4,,-2.2,,0.6,,0.1,,0.7,,4.9,,1,,2.4,,2.7,,4.2,,5,,5.7,,5.4,,5.3,,4.2,,2.7,,1.8,,0.2,,1.7,,1.1,,-0.1,,-0.5,,0,
  Wal-Mart Stores,,—,,—,,3,,—,,—,,—,,3.8,,1.5,,1.5,,1.3,,-0.1,,1.2,,1,,1.6,,2.8,,4.4,,2.2,,2.4,,1.6,,-1.5,,-0.5,,-2,,-0.8,,-1.8,,-1.3,,-1.8,,-1.1,,-0.9,,1.3,,1.5,,2.6,,2.2,,1.5,,0.3,,-1.4,,-0.3,,-0.3,,-0.4,,-0.1,,0,
Same Store Sales % with fuel,,—,,—,,—,,—,,—,,—,,—,,—,,—,,—,,—,,—,,—,,—,,—,,—,,—,,—,,—,,—,,—,,—,,—,,—,,—,,—,,—,,—,,—,,—,,—,,—,,—,,—,,—,,—,,—,,—,,—,,—,
  Sam’s Club,,4,,—,,3.5,,8.3,,11.8,,6.2,,8.1,,3.6,,0,,1.9,,4.1,,6.5,,3.8,,5,,6.7,,7.2,,6.3,,-1.5,,-2.2,,-4,,—,,3.7,,4.9,,2.6,,3.8,,4.5,,8.5,,9.6,,9,,6.8,,7.5,,3.4,,3.8,,2,,-0.9,,1.7,,0.1,,-0.1,,-1.2,,0.6,
  Wal-Mart Stores,,1.3,,1.4,,2.8,,3.6,,2.9,,2.7,,3.8,,1.5,,1.5,,1.3,,-0.1,,1.2,,1,,1.6,,2.8,,4.6,,2.2,,2.4,,1.6,,-1,,-0.6,,-2,,-0.8,,-1.8,,-1.3,,-1.8,,-1.1,,-0.9,,1.3,,1.5,,4.2,,2.2,,1.5,,0.3,,-1.9,,-0.3,,-0.3,,-0.4,,-0.4,,0.2,
  Walmart International,,—,,—,,—,,—,,—,,—,,—,,—,,—,,—,,—,,—,,—,,—,,—,,—,,—,,1.8,,—,,—,,—,,—,,—,,—,,—,,-0.8,,—,,—,,—,,—,,—,,—,,—,,—,,—,,—,,—,,—,,—,,—,
Same Store Sales % Previous Year,,—,,—,,—,,—,,—,,—,,—,,—,,—,,—,,—,,—,,—,,—,,—,,—,,—,,—,,—,,—,,—,,—,,—,,—,,—,,—,,—,,—,,—,,—,,—,,—,,—,,—,,—,,—,,—,,—,,—,,—,
  Sam’s Club,,—,,—,,—,,—,,—,,—,,—,,—,,—,,—,,2.3,,2.6,,1.8,,3.1,,4.7,,7.6,,—,,2.5,,2.8,,7.6,,—,,—,,4.2,,2.6,,0.1,,0.7,,0.7,,9.6,,2.4,,—,,4.2,,5,,5.7,,5.4,,5.3,,4.2,,2.7,,1.8,,0.2,,0.6,
  Wal-Mart Stores,,—,,—,,—,,—,,—,,—,,—,,—,,—,,—,,-4.6,,1.5,,1.5,,1.3,,-0.1,,4.4,,—,,1.6,,1.9,,4.4,,—,,—,,3.6,,-1.8,,-0.5,,-2,,-1.4,,-0.9,,-1.3,,—,,-1.1,,-0.9,,1.3,,1.5,,2.6,,2.2,,1.5,,0.3,,-1.4,,0.2,
YTD Revenue,,—,,—,,—,,—,,—,,—,,—,,—,,—,,—,,—,,—,,—,,—,,—,,—,,—,,—,,—,,—,,—,,—,,—,,—,,—,,—,,—,,212053,1.0,—,,—,,—,,—,,—,,—,,—,,—,,—,,—,,—,,—,
  Sam’s Club,,—,,—,,—,,—,,—,,—,,—,,—,,—,,—,,—,,—,,—,,—,,—,,—,,—,,—,,—,,—,,—,,—,,—,,—,,—,,—,,—,,26487,0.124907452382187,—,,—,,—,,—,,—,,—,,—,,—,,—,,—,,—,,—,
  Walmart International,,—,,—,,—,,—,,—,,—,,—,,—,,—,,—,,—,,—,,—,,—,,—,,—,,—,,—,,—,,—,,—,,—,,—,,—,,—,,—,,—,,58004,0.273535389737471,—,,—,,—,,—,,—,,—,,—,,—,,—,,—,,—,,—,
  Wal-Mart Stores,,—,,—,,—,,—,,—,,—,,—,,—,,—,,—,,—,,—,,—,,—,,—,,—,,—,,—,,—,,—,,—,,—,,—,,—,,—,,—,,—,,127562,0.601557157880341,—,,—,,—,,—,,—,,—,,—,,—,,—,,—,,—,,—,
Total Square Feet/Meter,,648000,1.0,663217,1.0,670100,1.0,683700,1.0,698200,1.0,741897,1.0,771200,1.0,784300,1.0,785809,1.0,806988,1.0,835989,1.0,845383,1.0,859299,1.0,869341,1.0,882981,1.0,892246,1.0,901160,1.0,918008,1.0,924492.29,1.0,932308.195,1.0,945512.471,1.0,952203,1.0,955840.085,1.0,960815.139,1.0,970801.728,1.0,984949,1.0,988602.127,1.0,1014828.338,1.0,1023514.878,1.0,1037159.181,1.0,1041131.779,1.0,1047110.451,1.0,1059914.574,1.0,1071713.313,1.0,1076900.825,1.0,1082796.52,1.0,1094455.498,1.0,1101721.725,1.0,1105734.488,1.0,1112255.846,1.0
  United States,,523000,0.807098765432099,529835,0.798886337352631,536100,0.800029846291598,547900,0.801374872019892,587379,0.841276138642223,571927,0.770898116584917,577900,0.749351659751037,589000,0.75098814229249,600908,0.764699818912738,616660,0.764150148453261,624643,0.747190453462904,631941,0.747520354679477,640590,0.745479745699692,644865,0.741786019525135,656447,0.743444083168267,663314,0.743420536488816,667857,0.741108127302588,666222,0.725725701736804,664974.577,0.719286233311908,675329.219,0.724362633109752,682455.238,0.721783433779796,682309,0.716558338925628,687804.932,0.719581594027834,689520.139,0.717640793751065,695824.614,0.716752549908935,698269,0.708939244570023,699358.887,0.707421993034009,701096.372,0.690852182332338,706161.674,0.689937869178683,708271.875,0.682896018253538,710306.201,0.68224428004901,713385.629,0.681289761093216,720601.866,0.679867872068716,723385.669,0.674980575705511,727000.612,0.675085945820498,731179.453,0.675269489229611,739583.023,0.675754312853751,743514.569,0.674866032073571,747321.387,0.675859706928125,753079.805,0.677074261023934
    Walmart U.S.,,452500,0.698302469135803,459158,0.692319406770333,465300,0.694373974033726,472500,0.691092584466871,526120,0.753537668289888,498536,0.671974681121503,504300,0.653915975103734,515300,0.657018997832462,526120,0.669526564343244,535718,0.663848780898849,547881,0.655368671118878,554602,0.656036376411638,563065,0.655260857978422,566629,0.651791414416207,577920,0.6545101196968,584595,0.6551948677831,588449,0.652990589906343,589299,0.641932314315344,585068.757,0.632854122558448,595241,0.638459474229978,601906.411,0.63659277847854,602908,0.633171708133665,607243.932,0.63529866714054,608842.139,0.633672508151435,614784.402,0.633274935827061,617067,0.626496397275392,618112.354,0.62523874581953,619849.839,0.610792796958731,624722.057,0.61036929743585,626686.125,0.604233310065063,628857.703,0.604013551103025,631743.655,0.603320933714948,638005.037,0.601940055029378,640732.704,0.597858304294481,644331.264,0.598319965071993,648388.314,0.598809011687625,655499.587,0.598927583805696,659132.286,0.598274746737884,662469.163,0.599121371531282,667544.302,0.600171538230782
      Supercenters,,312600,0.482407407407407,320056,0.482581115984663,328700,0.49052380241755,338980,0.495802252449905,407230,0.583256946433687,370711,0.499679874699588,378200,0.490404564315353,392400,0.500318755578223,407230,0.518230256970841,421211,0.521954477637834,430807,0.515326158597781,438870,0.519137479698551,451258,0.525146660242826,456516,0.525128804462231,470831,0.53322891432545,479388,0.53728231900171,484748,0.537915575480492,483642,0.526838546069315,483129.014,0.522588472857897,495610.192,0.531594803797686,507707.751,0.53696568429503,509475,0.535048723854052,512762.466,0.536452147222932,515606.521,0.536634468037873,530521.061,0.546477252459114,534577,0.542745868060174,536656.614,0.542843879598491,539420.45,0.531538615745671,548505.122,0.535903418494323,552237.136,0.532451668091631,554976.38,0.533051042331117,558975.042,0.533826246759522,567696.702,0.535606091213158,570408.29,0.532239623303065,574058.937,0.533065741685173,578312.171,0.534091272291861,586484.358,0.535868620580496,589857.636,0.535396209964,593761.447,0.536983745595172,599012.266,0.53855618575009
      Discount store,,136600,0.210802469135802,135481,0.204278539301616,132900,0.198328607670497,129200,0.188971771244698,114261,0.16365081638499,123607,0.166609381086593,121700,0.15780601659751,118400,0.150962641846232,114261,0.145405562929414,114507,0.141894303261015,112129,0.134127362919847,110500,0.130709985888053,106388,0.123807894574531,104561,0.120276163208683,101286,0.114709150027011,99198,0.111177859020943,97469,0.108159483332594,96304,0.104905403874476,95532.014,0.103334570805344,93105.475,0.0998655546516997,87673.327,0.0927257224934054,86869,0.0912294962313708,87141.517,0.0911674644823041,85904.875,0.0894083279010449,76932.598,0.0792464576247643,75116,0.0762638471636602,74094.002,0.0749482526654528,72929.862,0.0718642348357442,68429.178,0.0668570427952294,66402.467,0.0640234095367855,65593.161,0.0630017854829115,63637.198,0.0607741026166112,59793.76,0.0564137539635341,59098.401,0.0551438526358961,58277.925,0.054116334250185,56691.673,0.0523567188782616,54199.019,0.0495214461428929,53496.328,0.0485570237802109,52374.427,0.0473661874241911,51241.551,0.0460699318275374
      Neighborhood Markets,,—,,—,,—,,—,,—,,—,,—,,—,,—,,—,,—,,—,,—,,—,,—,,—,,—,,—,,—,,—,,—,,6564,0.00689348804824181,—,,7267.535,0.00756392640478576,—,,7374,0.007486682051558,7298.53,0.00738267681271133,7348.93,0.0072415498511631,7670.629,0.00749439911903264,7856.975,0.00757547649766213,8098.615,0.00777866468333016,8930.509,0.00852871728237578,10310.542,0.00972771037677985,10978.463,0.0102438430752236,11700.094,0.0108645974897456,13061.384,0.012062639432938,14478.785,0.0132292130894846,15430.156,0.0140054930840181,15983.446,0.0144550488145758,16923.563,0.0152155307260125
        Neighborhood Markets (Excluding Amigo & Supermercado),,—,,—,,—,,—,,—,,—,,—,,—,,—,,—,,—,,—,,—,,5552,0.00638644674529327,5803,0.00657205534433923,6009,0.00673468976044723,6232,0.00691553109325758,6370,0.00693893735130848,6304.611,0.00681953875461741,6382.486,0.00684589713383352,79.639,8.42283972370789e-05,6564,0.00689348804824181,7197.141,0.00752964969030358,7187.935,0.00748108008318966,7187.935,0.00740412258516293,7374,0.007486682051558,7218.93,0.00730215908184062,6556.525,0.00646072321248089,6878.224,0.00672019933255919,7064.57,0.00681146166318321,7306.21,0.00701756506464298,8138.104,0.00777196330361142,9522.587,0.00898429669106522,10226.715,0.00954239802375208,10948.346,0.0101665313516683,12309.636,0.0113683741798505,13727.037,0.0125423436814788,14678.408,0.0133231538118212,15229.991,0.0137736420137779,16163.981,0.0145326105123479
        Amigo,,—,,—,,—,,—,,—,,—,,—,,—,,—,,—,,—,,—,,—,,—,,—,,—,,—,,—,,—,,—,,—,,—,,—,,—,,—,,—,,—,,712.805,0.000702389727709791,712.805,0.000696428567206426,712.805,0.000687266731142208,712.805,0.000684644359510997,712.805,0.000680735255119711,708.355,0.000668313293708895,672.148,0.000627171456999527,672.148,0.000624150325077521,672.148,0.000620751902675121,672.148,0.000614139178092009,672.148,0.000610088722721702,673.855,0.000609418452000025,679.982,0.000611353945628082
        Supermercado,,—,,—,,—,,—,,—,,—,,—,,—,,—,,—,,—,,—,,—,,—,,—,,—,,—,,—,,39.91,4.31696407116602e-05,79.639,8.5421323578519e-05,6382.486,0.00675029277324043,—,,79.6,8.32775285836647e-05,79.6,8.28463215961047e-05,79.6,8.19940856141533e-05,—,,79.6,8.05177308707126e-05,79.6,7.8436910972425e-05,79.6,7.77712192670247e-05,79.6,7.67481033367047e-05,79.6,7.64552591761778e-05,79.6,7.60187236446559e-05,79.6,7.51003920057429e-05,79.6,7.42735944719948e-05,79.6,7.39158129997718e-05,79.6,7.35133504123194e-05,79.6,7.27302299138343e-05,79.6,7.22505494751862e-05,79.6,7.19883487978897e-05,79.6,7.15662680364999e-05
      Small Formats,,—,,—,,—,,—,,—,,—,,—,,—,,—,,—,,—,,—,,—,,—,,—,,—,,—,,—,,—,,—,,—,,—,,—,,63.208,6.5785807731741e-05,—,,—,,63.208,6.39367428753266e-05,150.597,0.000148396526152189,117.128,0.000114437027265177,189.547,0.000182755938984452,189.547,0.00018205860566667,200.906,0.000191867056439111,204.033,0.000192499475905876,247.55,0.000230985280295758,294.308,0.000273291646888654,323.086,0.000298381084564254,337.425,0.000308303992822557,348.166,0.000316019909655499,349.843,0.000316389697342966,366.922,0.000329889927141817
        Walmart Express,,—,,—,,—,,—,,—,,—,,—,,—,,—,,—,,—,,—,,—,,—,,—,,—,,—,,—,,—,,—,,—,,—,,—,,—,,—,,—,,—,,54.253,5.34602730023489e-05,83.992,8.20623146818585e-05,142.954,0.000137832265884363,142.954,0.000137306345732052,149.427,0.000142704143442839,149.427,0.000140980229601032,192.944,0.000180033221253826,239.702,0.000222585027734564,263.349,0.000243211900976557,275.228,0.000251474820586995,275.267,0.000249851658321433,275.228,0.000248909664107357,287.107,0.000258130358255721
        Super Ahorros,,—,,—,,—,,—,,—,,—,,—,,—,,—,,—,,—,,—,,—,,—,,—,,—,,—,,—,,—,,—,,—,,—,,—,,—,,—,,—,,—,,29.765,2.93300836067114e-05,29.765,2.90811600688818e-05,43.222,4.16734487741087e-05,43.222,4.15144373380999e-05,43.222,4.12774029317753e-05,46.349,4.37289958426404e-05,46.349,4.32475732434986e-05,46.349,4.30392464412867e-05,46.349,4.28049029932235e-05,46.349,4.23489123904058e-05,46.349,4.20696070053443e-05,46.349,4.19169344024295e-05,46.349,4.16711678043183e-05
        Walmart on Campus,,—,,—,,—,,—,,—,,—,,—,,—,,—,,—,,—,,—,,—,,—,,—,,—,,—,,—,,—,,—,,—,,—,,—,,—,,—,,—,,—,,3.371,3.32174405638247e-06,3.371,3.29355251443643e-06,3.371,3.2502243259803e-06,3.371,3.23782259651878e-06,8.257,7.88551006449653e-06,8.257,7.79025046220376e-06,8.257,7.70448579843292e-06,8.257,7.66737271280296e-06,13.388,1.2364280594474e-05,15.848,1.44802598451564e-05,26.55,2.4098644328721e-05,28.266,2.55630988331803e-05,28.266,2.54132177427099e-05
        Walmart to Go,,—,,—,,—,,—,,—,,—,,—,,—,,—,,—,,—,,—,,—,,—,,—,,—,,—,,—,,—,,—,,—,,—,,—,,—,,—,,—,,—,,—,,—,,—,,—,,—,,—,,—,,—,,—,,—,,—,,—,,5.2,4.67518333906784e-06
        Marketside,,—,,—,,—,,—,,—,,—,,—,,—,,—,,—,,—,,—,,—,,—,,—,,—,,—,,—,,63.208,6.83704998772894e-05,63.208,6.77973231802387e-05,63.208,6.68505196268321e-05,—,,63.208,6.61282164160337e-05,63.208,6.5785807731741e-05,63.208,6.51090724057714e-05,—,,63.208,6.39367428753266e-05,63.208,6.22844254867467e-05,0,,0,,—,,—,,—,,—,,0,,0,,0,,—,,—,,—,
      Wal-Mart US Neighborhood Markets,,3300,0.00509259259259259,3621,0.00545975148405424,3700,0.00552156394567975,4320,0.00631856077226854,4629,0.00662990547121169,4218,0.00568542533532283,4400,0.00570539419087137,4500,0.00573760040800714,4629,0.00589074444298805,—,,4945,0.00591514960125073,5232,0.00618891082503433,5419,0.00630630316106501,—,,—,,—,,—,,—,,—,,—,,—,,—,,—,,—,,—,,—,,—,,—,,—,,—,,—,,—,,—,,—,,—,,—,,—,,—,,—,,—,
    Sam’s Club,,70500,0.108796296296296,70677,0.106566930582298,70800,0.105655872257872,75400,0.11028228755302,61259,0.0877384703523346,73391,0.0989234354634134,73600,0.0954356846473029,73700,0.093969144460028,74788,0.0951732545694946,76270,0.0945119382196513,76762,0.0918217823440261,77339,0.0914839782678384,77525,0.0902188877212705,78236,0.0899946051089273,78527,0.0889339634714677,78719,0.0882256687057157,79408,0.0881175373962448,79906,0.0870428144417042,79905.82,0.0864321107534601,80088.219,0.0859031588797737,80548.827,0.0851906553012562,79401,0.0833866307919635,80561,0.0842829268872941,80678,0.0839682855996298,81040.212,0.0834776140818736,81202,0.0824428472946315,81246.533,0.0821832472144782,81246.533,0.0800593853736079,81439.617,0.079568571742833,81585.75,0.0786627081884743,81448.498,0.0782307289459849,81641.974,0.0779688273782686,82596.829,0.0779278170393381,82652.965,0.0771222714110299,82669.348,0.0767659807485058,82791.139,0.0764604775419854,84083.436,0.0768267290480549,84382.283,0.0765912853356867,84852.224,0.0767383353968426,85535.503,0.0769027227931513
    Neighborhood Markets,,—,,—,,—,,—,,—,,—,,—,,—,,—,,4672,0.00578942933476086,—,,—,,—,,—,,—,,—,,—,,—,,—,,—,,—,,—,,—,,—,,—,,—,,—,,—,,—,,—,,—,,—,,—,,—,,—,,—,,—,,—,,—,,—,
  Walmart International,,125000,0.192901234567901,133382,0.201113662647369,134000,0.199970153708402,135800,0.198625127980108,110821,0.158723861357777,169970,0.229101883415083,193300,0.250648340248963,195300,0.24901185770751,184901,0.235300181087262,190328,0.235849851546739,211346,0.252809546537096,213442,0.252479645320523,218709,0.254520254300308,224476,0.258213980474865,226534,0.256555916831733,228932,0.256579463511184,233303,0.258891872697412,251786,0.274274298263196,259517.713,0.280713766688092,256978.976,0.275637366890248,263057.233,0.278216566220204,269894,0.283441661074372,268035.153,0.280418405972166,271295,0.282359206248935,274977.114,0.283247450091065,286680,0.291060755429977,289243.24,0.292578006965992,313731.966,0.309147817667662,317353.204,0.310062130821317,328887.306,0.317103981746462,330825.578,0.31775571995099,333724.822,0.318710238906784,339312.708,0.320132127931284,348327.644,0.325019424294489,349900.213,0.324914054179502,351617.067,0.324730510770389,354872.475,0.324245687146249,358207.156,0.325133967926429,358413.101,0.324140293071875,359176.041,0.322925738976066
Number of Distribution Centers,,—,,—,,—,,—,,—,,—,,—,,—,,—,,269,1.0,—,,—,,—,,288,1.0,—,,—,,—,,293,1.0,—,,—,,—,,278,1.0,—,,—,,—,,282,1.0,—,,—,,—,,316,1.0,—,,—,,—,,318,1.0,—,,—,,—,,306,1.0,—,,—,
  Sam’s Club,,—,,—,,—,,—,,—,,—,,—,,—,,—,,22,0.0817843866171004,—,,—,,—,,24,0.0833333333333333,—,,—,,—,,26,0.0887372013651877,—,,—,,—,,26,0.0935251798561151,—,,—,,—,,25,0.0886524822695035,—,,—,,—,,25,0.0791139240506329,—,,—,,—,,25,0.0786163522012579,—,,—,,—,,23,0.0751633986928105,—,,—,
  Walmart International,,—,,—,,—,,—,,—,,—,,—,,—,,—,,126,0.468401486988848,—,,—,,—,,143,0.496527777777778,—,,—,,—,,146,0.498293515358362,—,,—,,—,,132,0.474820143884892,—,,—,,—,,134,0.475177304964539,—,,—,,—,,158,0.5,—,,—,,—,,160,0.50314465408805,—,,—,,—,,151,0.493464052287582,—,,—,
  Wal-Mart Stores,,—,,—,,—,,—,,—,,—,,—,,—,,—,,121,0.449814126394052,—,,—,,—,,121,0.420138888888889,—,,—,,—,,121,0.41296928327645,—,,—,,—,,120,0.431654676258993,—,,—,,—,,123,0.436170212765958,—,,—,,—,,133,0.420886075949367,—,,—,,—,,133,0.418238993710692,—,,—,,—,,132,0.431372549019608,—,,—,
Internet Sales Growth,,—,,—,,—,,—,,—,,—,,—,,—,,—,,—,,—,,—,,—,,—,,—,,—,,—,,—,,—,,—,,—,,—,,—,,—,,—,,—,,—,,—,,—,,—,,—,,—,,—,,—,,—,,—,,—,,—,,—,,—,
  Wal-Mart Stores,,—,,—,,—,,—,,—,,—,,—,,—,,—,,—,,—,,—,,—,,—,,—,,—,,—,,—,,—,,—,,—,,—,,—,,—,,—,,—,,11.5,,—,,—,,—,,—,,—,,—,,—,,30,,30,,40,,30,,27,,24,
Number of Locations,,5207,1.0,5289,1.0,5315,1.0,5398,1.0,6640,1.0,6141,1.0,6452,1.0,6527,1.0,7131,1.0,6779,1.0,6956,1.0,7022,1.0,7131,1.0,7262,1.0,7343,1.0,7393,1.0,7529,1.0,7873,1.0,8459,1.0,8044,1.0,8222,1.0,8416,1.0,8488,1.0,8576,1.0,8692,1.0,8970,1.0,9029,1.0,9667,1.0,9826,1.0,10130,1.0,10231,1.0,10351,1.0,10524,1.0,10773,1.0,10857,1.0,10955,1.0,11096,1.0,10942,1.0,10994,1.0,11053,1.0
  Walmart International,,1548,0.297292106779335,1587,0.300056721497448,1596,0.300282220131703,1617,0.299555390885513,2680,0.403614457831325,2285,0.372089236280736,2575,0.399101053936764,2609,0.399724222460548,3010,0.422100687140653,2757,0.406697152972415,2898,0.41661874640598,2931,0.417402449444603,3010,0.422100687140653,3121,0.42977141283393,3148,0.42870761269236,3170,0.428783984850534,3280,0.435648824545092,3615,0.459164232185952,4134,0.488710249438468,3760,0.467429139731477,3913,0.475918268061299,4112,0.488593155893536,4124,0.485862393967955,4205,0.490321828358209,4292,0.493787390704096,4557,0.508026755852843,4611,0.510687783807731,5236,0.541636495293266,5366,0.54610217789538,5651,0.557847976307996,5733,0.560355781448539,5825,0.562747560622162,5933,0.563759026985937,6148,0.570685974194746,6194,0.570507506677719,6242,0.569785486079416,6310,0.568673395818313,6107,0.55812465728386,6126,0.55721302528652,6132,0.554781507283091
    Retail,,—,,—,,—,,—,,—,,—,,—,,—,,—,,—,,—,,—,,—,,—,,—,,—,,—,,—,,—,,—,,—,,—,,—,,—,,—,,3949,0.440245261984392,—,,—,,—,,4905,0.484205330700888,—,,—,,—,,5341,0.495776478232619,—,,—,,—,,5633,0.514805337232681,—,,—,
      Africa,,—,,—,,—,,—,,—,,—,,—,,—,,—,,—,,—,,—,,—,,—,,—,,—,,—,,—,,—,,—,,—,,—,,—,,—,,—,,547,0.0609810479375697,—,,—,,—,,869,0.0857847976307996,—,,—,,—,,279,0.0258980785296575,—,,—,,—,,285,0.0260464266130506,—,,—,
      Mexico,,—,,—,,—,,—,,—,,—,,—,,—,,—,,—,,—,,—,,—,,—,,—,,—,,—,,—,,—,,—,,—,,—,,—,,—,,—,,1256,0.140022296544036,—,,—,,—,,1600,0.157946692991115,—,,—,,—,,1840,0.17079736377982,—,,—,,—,,2033,0.185797843173095,—,,—,
      Japan,,—,,—,,—,,—,,—,,—,,—,,—,,—,,—,,—,,—,,—,,—,,—,,—,,—,,—,,—,,—,,—,,—,,—,,—,,—,,371,0.0413600891861761,—,,—,,—,,367,0.0362290227048371,—,,—,,—,,372,0.0345307713728766,—,,—,,—,,374,0.0341802229939682,—,,—,
      India,,—,,—,,—,,—,,—,,—,,—,,—,,—,,—,,—,,—,,—,,—,,—,,—,,—,,—,,—,,—,,—,,—,,—,,—,,—,,0,,—,,—,,—,,0,,—,,—,,—,,0,,—,,—,,—,,0,,—,,—,
      China,,—,,—,,—,,—,,—,,—,,—,,—,,—,,—,,—,,—,,—,,—,,—,,—,,—,,—,,—,,—,,—,,—,,—,,—,,—,,322,0.0358974358974359,—,,—,,—,,364,0.0359328726554788,—,,—,,—,,385,0.0357374918778428,—,,—,,—,,395,0.0360994333759825,—,,—,
      Chile,,—,,—,,—,,—,,—,,—,,—,,—,,—,,—,,—,,—,,—,,—,,—,,—,,—,,—,,—,,—,,—,,—,,—,,—,,—,,277,0.0308807134894091,—,,—,,—,,314,0.0309970384995064,—,,—,,—,,327,0.0303536619326093,—,,—,,—,,351,0.0320782306708097,—,,—,
      Canada,,—,,—,,—,,—,,—,,—,,—,,—,,—,,—,,—,,—,,—,,—,,—,,—,,—,,—,,—,,—,,—,,—,,—,,—,,—,,325,0.036231884057971,—,,—,,—,,333,0.0328726554787759,—,,—,,—,,379,0.0351805439524738,—,,—,,—,,389,0.0355510875525498,—,,—,
      Argentina,,—,,—,,—,,—,,—,,—,,—,,—,,—,,—,,—,,—,,—,,—,,—,,—,,—,,—,,—,,—,,—,,—,,—,,—,,—,,63,0.00702341137123746,—,,—,,—,,88,0.00868706811451135,—,,—,,—,,94,0.00872551749744732,—,,—,,—,,104,0.00950466093949918,—,,—,
      Brazil,,—,,—,,—,,—,,—,,—,,—,,—,,—,,—,,—,,—,,—,,—,,—,,—,,—,,—,,—,,—,,—,,—,,—,,—,,—,,403,0.0449275362318841,—,,—,,—,,429,0.0423494570582428,—,,—,,—,,461,0.0427921655991831,—,,—,,—,,468,0.0427709742277463,—,,—,
      United Kingdom,,—,,—,,—,,—,,—,,—,,—,,—,,—,,—,,—,,—,,—,,—,,—,,—,,—,,—,,—,,—,,—,,—,,—,,—,,—,,385,0.0429208472686734,—,,—,,—,,541,0.0534057255676209,—,,—,,—,,564,0.0523531049846839,—,,—,,—,,574,0.0524584171083897,—,,—,
      Central America,,—,,1175,0.222159198336169,—,,—,,—,,—,,—,,—,,—,,—,,—,,—,,—,,—,,—,,—,,—,,—,,—,,—,,—,,—,,—,,—,,—,,—,,—,,—,,—,,—,,—,,—,,—,,640,0.0594077787060243,—,,—,,—,,660,0.0603180405775909,—,,—,
    Discount Store,,—,,285,0.053885422575156,—,,—,,—,,—,,—,,—,,—,,—,,—,,—,,—,,—,,—,,—,,—,,—,,—,,—,,—,,—,,—,,—,,—,,—,,—,,—,,—,,—,,—,,—,,—,,—,,—,,—,,—,,—,,—,,—,
    Neighborhood Market,,—,,36,0.00680657969370391,—,,—,,—,,—,,—,,—,,—,,—,,—,,—,,—,,—,,—,,—,,—,,—,,—,,—,,—,,—,,—,,—,,—,,—,,—,,—,,—,,—,,—,,—,,—,,—,,—,,—,,—,,—,,—,,—,
    Wholesale,,—,,—,,—,,—,,—,,—,,—,,—,,—,,—,,—,,—,,—,,—,,—,,—,,—,,—,,—,,—,,—,,—,,—,,—,,—,,197,0.0219620958751394,—,,—,,—,,328,0.0323790720631787,—,,—,,—,,356,0.033045576905226,—,,—,,—,,359,0.0328093584353866,—,,—,
      Central America,,—,,—,,—,,—,,—,,—,,—,,—,,—,,—,,—,,—,,—,,—,,—,,—,,—,,—,,—,,—,,—,,—,,—,,—,,—,,—,,—,,—,,—,,—,,—,,—,,—,,2,0.000185649308456326,—,,—,,—,,1,9.13909705721075e-05,—,,—,
      Africa,,—,,—,,—,,—,,—,,—,,—,,—,,—,,—,,—,,—,,—,,—,,—,,—,,—,,—,,—,,—,,—,,—,,—,,—,,—,,—,,—,,—,,—,,—,,—,,—,,—,,98,0.00909681611435997,—,,—,,—,,94,0.0085907512337781,—,,—,
      Brazil,,—,,—,,—,,—,,—,,—,,—,,—,,—,,—,,—,,—,,—,,—,,—,,—,,—,,—,,—,,—,,—,,—,,—,,—,,—,,76,0.0084726867335563,—,,—,,—,,83,0.00819348469891412,—,,—,,—,,86,0.00798292026362202,—,,—,,—,,76,0.00694571376348017,—,,—,
      United Kingdom,,—,,—,,—,,—,,—,,—,,—,,—,,—,,—,,—,,—,,—,,—,,—,,—,,—,,—,,—,,—,,—,,—,,—,,—,,—,,0,,—,,—,,—,,0,,—,,—,,—,,0,,—,,—,,—,,0,,—,,—,
      Mexico,,—,,—,,—,,—,,—,,—,,—,,—,,—,,—,,—,,—,,—,,—,,—,,—,,—,,—,,—,,—,,—,,—,,—,,—,,—,,108,0.0120401337792642,—,,—,,—,,224,0.0221125370187562,—,,—,,—,,142,0.0131811009003991,—,,—,,—,,156,0.0142569914092488,—,,—,
      Japan,,—,,—,,—,,—,,—,,—,,—,,—,,—,,—,,—,,—,,—,,—,,—,,—,,—,,—,,—,,—,,—,,—,,—,,—,,—,,0,,—,,—,,—,,0,,—,,—,,—,,0,,—,,—,,—,,0,,—,,—,
      India,,—,,—,,—,,—,,—,,—,,—,,—,,—,,—,,—,,—,,—,,—,,—,,—,,—,,—,,—,,—,,—,,—,,—,,—,,—,,5,0.000557413600891862,—,,—,,—,,15,0.00148075024679171,—,,—,,—,,20,0.00185649308456326,—,,—,,—,,20,0.00182781941144215,—,,—,
      China,,—,,—,,—,,—,,—,,—,,—,,—,,—,,—,,—,,—,,—,,—,,—,,—,,—,,—,,—,,—,,—,,—,,—,,—,,—,,6,0.000668896321070234,—,,—,,—,,6,0.000592300098716683,—,,—,,—,,8,0.000742597233825304,—,,—,,—,,10,0.000913909705721075,—,,—,
      Chile,,—,,—,,—,,—,,—,,—,,—,,—,,—,,—,,—,,—,,—,,—,,—,,—,,—,,—,,—,,—,,—,,—,,—,,—,,—,,0,,—,,—,,—,,0,,—,,—,,—,,0,,—,,—,,—,,2,0.000182781941144215,—,,—,
      Canada,,—,,—,,—,,—,,—,,—,,—,,—,,—,,—,,—,,—,,—,,—,,—,,—,,—,,—,,—,,—,,—,,—,,—,,—,,—,,0,,—,,—,,—,,0,,—,,—,,—,,0,,—,,—,,—,,0,,—,,—,
      Argentina,,—,,—,,—,,—,,—,,—,,—,,—,,—,,—,,—,,—,,—,,—,,—,,—,,—,,—,,—,,—,,—,,—,,—,,—,,—,,0,,—,,—,,—,,0,,—,,—,,—,,0,,—,,—,,—,,0,,—,,—,
    Other,,—,,—,,—,,—,,—,,—,,—,,—,,—,,—,,—,,—,,—,,—,,—,,—,,—,,—,,—,,—,,—,,4112,0.488593155893536,—,,—,,—,,411,0.045819397993311,—,,—,,—,,418,0.0412635735439289,—,,—,,—,,451,0.0418639190569015,—,,—,,—,,115,0.0105099616157924,—,,—,
      Central America,,—,,—,,—,,—,,—,,—,,—,,—,,—,,—,,—,,—,,—,,—,,—,,—,,—,,—,,—,,—,,—,,—,,—,,—,,—,,—,,—,,—,,—,,—,,—,,—,,—,,0,,—,,—,,—,,0,,—,,—,
      Africa,,—,,—,,—,,—,,—,,—,,—,,—,,—,,—,,—,,—,,—,,—,,—,,—,,—,,—,,—,,—,,—,,—,,—,,—,,—,,—,,—,,—,,—,,—,,—,,—,,—,,0,,—,,—,,—,,0,,—,,—,
      United Kingdom,,—,,—,,—,,—,,—,,—,,—,,—,,—,,—,,—,,—,,—,,—,,—,,—,,—,,—,,—,,—,,—,,—,,—,,—,,—,,0,,—,,—,,—,,0,,—,,—,,—,,1,9.2824654228163e-05,—,,—,,—,,2,0.000182781941144215,—,,—,
      Mexico,,—,,—,,—,,—,,—,,—,,—,,—,,—,,—,,—,,—,,—,,—,,—,,—,,—,,—,,—,,—,,—,,—,,—,,—,,—,,366,0.0408026755852843,—,,—,,—,,364,0.0359328726554788,—,,—,,—,,371,0.0344379467186485,—,,—,,—,,10,0.000913909705721075,—,,—,
      Japan,,—,,—,,—,,—,,—,,—,,—,,—,,—,,—,,—,,—,,—,,—,,—,,—,,—,,—,,—,,—,,—,,—,,—,,—,,—,,43,0.00479375696767001,—,,—,,—,,52,0.00513326752221125,—,,—,,—,,66,0.00612642717905876,—,,—,,—,,64,0.00584902211661488,—,,—,
      India,,—,,—,,—,,—,,—,,—,,—,,—,,—,,—,,—,,—,,—,,—,,—,,—,,—,,—,,—,,—,,—,,—,,—,,—,,—,,0,,—,,—,,—,,0,,—,,—,,—,,0,,—,,—,,—,,0,,—,,—,
      China,,—,,—,,—,,—,,—,,—,,—,,—,,—,,—,,—,,—,,—,,—,,—,,—,,—,,—,,—,,—,,—,,—,,—,,—,,—,,0,,—,,—,,—,,0,,—,,—,,—,,0,,—,,—,,—,,0,,—,,—,
      Chile,,—,,—,,—,,—,,—,,—,,—,,—,,—,,—,,—,,—,,—,,—,,—,,—,,—,,—,,—,,—,,—,,—,,—,,—,,—,,2,0.000222965440356745,—,,—,,—,,2,0.000197433366238894,—,,—,,—,,2,0.000185649308456326,—,,—,,—,,27,0.0024675562054469,—,,—,
      Canada,,—,,—,,—,,—,,—,,—,,—,,—,,—,,—,,—,,—,,—,,—,,—,,—,,—,,—,,—,,—,,—,,—,,—,,—,,—,,0,,—,,—,,—,,0,,—,,—,,—,,0,,—,,—,,—,,0,,—,,—,
      Argentina,,—,,91,0.0172055208924182,—,,—,,—,,—,,—,,—,,—,,—,,—,,—,,—,,—,,—,,—,,—,,—,,—,,—,,—,,—,,—,,—,,—,,0,,—,,—,,—,,0,,—,,—,,—,,0,,—,,—,,—,,0,,—,,—,
      Brazil,,—,,—,,—,,—,,—,,—,,—,,—,,—,,—,,—,,—,,—,,—,,—,,—,,—,,—,,—,,—,,—,,—,,—,,—,,—,,0,,—,,—,,—,,0,,—,,—,,—,,11,0.00102107119650979,—,,—,,—,,12,0.00109669164686529,—,,—,
  United States,,3659,0.702707893220665,3702,0.699943278502552,3719,0.699717779868297,3781,0.700444609114487,3960,0.596385542168675,3856,0.627910763719264,3877,0.600898946063236,3918,0.600275777539451,4121,0.577899312859346,4022,0.593302847027585,4058,0.58338125359402,4091,0.582597550555397,4121,0.577899312859346,4141,0.57022858716607,4195,0.57129238730764,4223,0.571216015149466,4249,0.564351175454908,4258,0.540835767814048,4325,0.511289750561532,4284,0.532570860268523,4309,0.524081731938701,4304,0.511406844106464,4364,0.514137606032045,4371,0.509678171641791,4400,0.506212609295904,4413,0.491973244147157,4418,0.489312216192269,4431,0.458363504706734,4460,0.45389782210462,4479,0.442152023692004,4498,0.439644218551461,4526,0.437252439377838,4591,0.436240973014063,4625,0.429314025805254,4663,0.429492493322281,4713,0.430214513920584,4786,0.431326604181687,4835,0.44187534271614,4868,0.44278697471348,4921,0.445218492716909
    Walmart U.S.,,3109,0.597080852698291,3151,0.595764794857251,3167,0.595860771401693,3193,0.591515376065209,3386,0.509939759036145,3289,0.535580524344569,3309,0.512864228146311,3351,0.513405852612226,3535,0.495722900014023,3443,0.507892019471899,3476,0.499712478435883,3506,0.499287952150384,3535,0.495722900014023,3550,0.488846047920683,3602,0.490535203595261,3630,0.491005004734208,3650,0.484792137069996,3656,0.464371903975613,3720,0.439768294124601,3682,0.45773247140726,3704,0.450498662126003,3708,0.440589353612167,3759,0.442860508953817,3765,0.439015858208955,3792,0.436263230556834,3804,0.424080267558528,3809,0.421862886255399,3822,0.395365677045619,3850,0.391817626704661,3868,0.381836130306022,3886,0.379826018961978,3913,0.378031108105497,3971,0.377328012162676,4005,0.371762740183793,4043,0.372386478769457,4092,0.373528069374715,4156,0.374549387166547,4203,0.384116249314568,4233,0.385028197198472,4281,0.387315660906541
      Supercenters,,1671,0.32091415402343,1713,0.323879750425411,1761,0.331326434619003,1986,0.367914042237866,2176,0.327710843373494,1980,0.322423058133854,2022,0.313391196528208,2098,0.321434043205148,2419,0.339223110363203,2256,0.332792447263608,2307,0.331656124209316,2349,0.334520079749359,2419,0.339223110363203,2447,0.336959515285045,2527,0.344137273593899,2572,0.347896659001758,2601,0.345464205073715,2612,0.331766797916931,2767,0.327107223076014,2664,0.331178518150174,2737,0.332887375334468,2747,0.326402091254753,2767,0.325989632422243,2784,0.324626865671642,2882,0.331569259088817,2907,0.324080267558528,2921,0.323513124377007,2939,0.304023999172442,3002,0.305515978017505,3029,0.299012833168806,3049,0.298015834229303,3076,0.297169355617815,3135,0.297890535917902,3158,0.293140258052539,3182,0.293082803721102,3211,0.293108169785486,3265,0.294250180245133,3288,0.300493511241089,3313,0.301346188830271,3348,0.302904188907989
      Discount store,,1362,0.261570962166315,1353,0.255813953488372,1320,0.248353715898401,1097,0.20322341608003,1100,0.16566265060241,1209,0.196873473375672,1183,0.183353998760074,1146,0.175578366784127,988,0.138549992988361,1075,0.158577961351232,1051,0.151092581943646,1033,0.147109085730561,988,0.138549992988361,971,0.133709721839714,937,0.127604521312815,915,0.123765724333829,899,0.119404967459158,891,0.113171599136289,804,0.0950466958269299,861,0.107036300348086,810,0.0985161761128679,803,0.0954134980988593,804,0.0947219604147031,794,0.0925839552238806,723,0.0831799355729406,708,0.0789297658862876,699,0.0774172112083287,689,0.0712734043653667,647,0.0658457154488093,629,0.0620927936821323,621,0.0606978789952106,602,0.0581586320162303,568,0.0539718738122387,561,0.0520746310219994,554,0.0510269871972,539,0.0492012779552716,515,0.0464131218457102,508,0.0464266130506306,499,0.0453883936692741,489,0.0442413824301095
      Neighborhood Markets,,—,,—,,—,,—,,—,,—,,—,,—,,—,,—,,—,,—,,—,,—,,—,,—,,—,,—,,—,,—,,—,,—,,—,,183,0.0213386194029851,—,,189,0.0210702341137124,185,0.020489533724665,183,0.0189303817109755,192,0.0195399959291675,196,0.0193484698914116,202,0.019743915550777,219,0.0211573760989276,252,0.023945267958951,267,0.0247841826789195,284,0.0261582389241964,316,0.0288452761296212,348,0.0313626532083634,372,0.033997441052824,385,0.0350191013279971,407,0.036822582104406
        Neighborhood Markets (Excluding Amigo & Supermercado),,—,,—,,—,,—,,—,,—,,—,,—,,—,,—,,—,,—,,—,,132,0.018176810795924,138,0.0187934086885469,143,0.0193426213986203,150,0.0199229645371231,153,0.019433506922393,149,0.0176143752216574,151,0.0187717553455992,151,0.0183653612259791,158,0.0187737642585551,182,0.0214420358152686,181,0.0211054104477612,181,0.0208237459733088,189,0.0210702341137124,183,0.0202680252519659,155,0.0160339298644874,164,0.0166904131894973,168,0.0165844027640671,174,0.017007135177402,191,0.0184523234470099,224,0.0212846826301786,241,0.0223707416689873,258,0.0237634705719812,290,0.0264719306252853,322,0.0290194664744052,346,0.0316212758179492,359,0.0326541750045479,381,0.0344702795621098
        Amigo,,—,,—,,—,,—,,—,,—,,—,,—,,—,,—,,—,,—,,—,,—,,—,,—,,—,,—,,—,,—,,—,,—,,—,,—,,—,,—,,—,,26,0.00268956242888176,26,0.0026460411154081,26,0.00256663376110563,26,0.00254129606099111,26,0.00251183460535214,26,0.00247054351957431,24,0.00222779170147591,24,0.00221055540204476,24,0.00219078046554085,24,0.00216294160057678,24,0.00219338329373058,24,0.00218300891395307,24,0.00217135619288881
        Supermercado,,—,,—,,—,,—,,—,,—,,—,,—,,—,,—,,—,,—,,—,,—,,—,,—,,—,,—,,—,,2,0.000248632521133764,2,0.000243249817562637,—,,2,0.000235626767200754,2,0.000233208955223881,2,0.000230096640589047,—,,2,0.000221508472699081,2,0.000206889417606289,2,0.000203541624262162,2,0.000197433366238894,2,0.000195484312383931,2,0.000193218046565549,2,0.000190041809198024,2,0.000185649308456326,2,0.000184212950170397,2,0.000182565038795071,2,0.000180245133381399,2,0.000182781941144215,2,0.000181917409496089,2,0.000180946349407401
      Small Formats,,—,,—,,—,,—,,—,,—,,—,,—,,—,,—,,—,,—,,—,,—,,—,,—,,—,,—,,—,,—,,—,,—,,—,,4,0.000466417910447761,—,,—,,4,0.000443016945398161,11,0.00113789179683459,9,0.000915937309179727,14,0.00138203356367226,14,0.00136839018668752,16,0.00154574437252439,16,0.00152033447358419,19,0.0017636684303351,23,0.00211844892695957,26,0.00237334550433592,28,0.00252343186733958,35,0.00319868397002376,36,0.0032745133709296,37,0.00334750746403691
        Walmart Express,,—,,—,,—,,—,,—,,—,,—,,—,,—,,—,,—,,—,,—,,—,,—,,—,,—,,—,,—,,—,,—,,—,,—,,—,,—,,—,,—,,4,0.000413778835212579,6,0.000610624872786485,10,0.000987166831194472,10,0.000977421561919656,10,0.000966090232827746,10,0.000950209045990118,13,0.00120672050496612,17,0.00156581007644837,19,0.00173436786855317,20,0.00180245133381399,20,0.00182781941144215,20,0.00181917409496089,21,0.00189993666877771
        Walmart on Campus,,—,,—,,—,,—,,—,,—,,—,,—,,—,,—,,—,,—,,—,,—,,—,,—,,—,,—,,—,,—,,—,,—,,—,,—,,—,,—,,—,,1,0.000103444708803145,1,0.000101770812131081,1,9.87166831194472e-05,1,9.77421561919656e-05,3,0.000289827069848324,3,0.000285062713797035,3,0.000278473962684489,3,0.000276319425255595,4,0.000365130077590142,5,0.000450612833453497,12,0.00109669164686529,12,0.00109150445697653,12,0.0010856780964444
        Super Ahorros,,—,,—,,—,,—,,—,,—,,—,,—,,—,,—,,—,,—,,—,,—,,—,,—,,—,,—,,—,,—,,—,,—,,—,,—,,—,,—,,—,,2,0.000206889417606289,2,0.000203541624262162,3,0.000296150049358342,3,0.000293226468575897,3,0.000289827069848324,3,0.000285062713797035,3,0.000278473962684489,3,0.000276319425255595,3,0.000273847558192606,3,0.000270367700072098,3,0.000274172911716322,3,0.000272876114244133,3,0.000271419524111101
        Walmart to Go,,—,,—,,—,,—,,—,,—,,—,,—,,—,,—,,—,,—,,—,,—,,—,,—,,—,,—,,—,,—,,—,,—,,—,,—,,—,,—,,—,,—,,—,,—,,—,,—,,—,,—,,—,,1,9.12825193975354e-05,—,,—,,1,9.09587047480444e-05,1,9.04731747037004e-05
        Marketside,,—,,—,,—,,—,,—,,—,,—,,—,,—,,—,,—,,—,,—,,—,,—,,—,,—,,—,,—,,4,0.000497265042267529,4,0.000486499635125274,—,,4,0.000471253534401508,4,0.000466417910447761,4,0.000460193281178095,—,,4,0.000443016945398161,4,0.000413778835212579,0,,0,,0,,—,,—,,—,,—,,—,,0,,—,,—,,—,
      Wal-Mart US Neighborhood Markets,,76,0.0145957365085462,85,0.0160710909434676,86,0.0161806208842897,110,0.0203779177473138,110,0.016566265060241,100,0.0162839928350432,104,0.0161190328580285,107,0.0163934426229508,128,0.0179497966624597,112,0.0165216108570586,118,0.0169637722829212,124,0.0176587866704643,128,0.0179497966624597,—,,—,,—,,—,,—,,—,,—,,—,,—,,—,,—,,—,,—,,—,,—,,—,,—,,—,,—,,—,,—,,—,,—,,—,,—,,—,,—,
    Sam’s Club,,550,0.105627040522374,551,0.104178483645302,552,0.103857008466604,588,0.108929233049278,574,0.0864457831325301,567,0.0923302393746947,568,0.088034717916925,567,0.0868699249272254,586,0.0821764128453232,579,0.0854108275556867,582,0.0836687751581369,585,0.0833095984050128,586,0.0821764128453232,591,0.081382539245387,593,0.0807571837123791,593,0.0802110104152577,599,0.0795590383849117,602,0.0764638638384352,605,0.0715214564369311,602,0.0748383888612631,605,0.0735830698126976,596,0.0708174904942966,605,0.0712770970782281,606,0.0706623134328358,608,0.0699493787390704,609,0.0678929765886288,609,0.0674493299368701,609,0.0629978276611151,610,0.0620801953999593,611,0.0603158933859822,612,0.059818199589483,613,0.0592213312723408,620,0.0589129608513873,620,0.0575512856214611,620,0.0571060145528231,621,0.0566864445458695,630,0.0567772170151406,632,0.0577590934015719,635,0.0577587775150082,640,0.0579028318103682
Retail - Number of Locations Opened,,—,,—,,—,,—,,—,,—,,—,,6527,1.0,—,,—,,—,,—,,—,,133,1.0,—,,—,,—,,123,1.0,67,1.0,123,1.0,177,1.0,262,1.0,35,1.0,82,1.0,115,1.0,279,1.0,69,1.0,645,1.0,165,1.0,345,1.0,109,1.0,132,1.0,177,1.0,270,1.0,88,1.0,122,1.0,148,1.0,249,1.0,66,1.0,83,1.0
  United States,,—,,—,,—,,—,,—,,—,,—,,—,,—,,—,,—,,—,,—,,133,1.0,—,,—,,—,,123,1.0,11,0.164179104477612,18,0.146341463414634,23,0.129943502824859,60,0.229007633587786,6,0.171428571428571,1,0.0121951219512195,27,0.234782608695652,13,0.046594982078853,7,0.101449275362319,14,0.0217054263565891,33,0.2,19,0.0550724637681159,21,0.192660550458716,36,0.272727272727273,66,0.372881355932203,36,0.133333333333333,38,0.431818181818182,50,0.409836065573771,73,0.493243243243243,49,0.196787148594378,34,0.515151515151515,53,0.63855421686747
    Walmart U.S.,,—,,—,,—,,—,,—,,—,,—,,3351,0.513405852612226,—,,—,,—,,—,,—,,121,0.909774436090226,—,,—,,—,,112,0.910569105691057,11,0.164179104477612,16,0.130081300813008,23,0.129943502824859,54,0.206106870229008,6,0.171428571428571,0,,27,0.234782608695652,12,0.043010752688172,6,0.0869565217391304,14,0.0217054263565891,32,0.193939393939394,18,0.0521739130434783,18,0.165137614678899,35,0.265151515151515,59,0.333333333333333,27,0.1,38,0.431818181818182,49,0.401639344262295,64,0.432432432432432,47,0.188755020080321,30,0.454545454545455,48,0.578313253012048
      Supercenters,,—,,—,,—,,—,,—,,—,,—,,2098,0.321434043205148,—,,—,,—,,—,,—,,94,0.706766917293233,—,,—,,—,,87,0.707317073170732,—,,—,,—,,49,0.187022900763359,—,,—,,—,,0,,5,0.072463768115942,8,0.0124031007751938,21,0.127272727272727,9,0.0260869565217391,11,0.100917431192661,14,0.106060606060606,23,0.129943502824859,14,0.0518518518518519,16,0.181818181818182,13,0.10655737704918,28,0.189189189189189,15,0.0602409638554217,16,0.242424242424242,24,0.289156626506024
      Neighborhood Markets,,—,,—,,—,,—,,—,,—,,—,,—,,—,,—,,—,,—,,—,,—,,—,,—,,—,,—,,—,,—,,—,,5,0.0190839694656489,—,,0,,—,,0,,1,0.0144927536231884,2,0.00310077519379845,9,0.0545454545454545,4,0.0115942028985507,6,0.055045871559633,17,0.128787878787879,33,0.186440677966102,8,0.0296296296296296,17,0.193181818181818,33,0.270491803278689,32,0.216216216216216,24,0.0963855421686747,13,0.196969696969697,22,0.265060240963855
        Neighborhood Markets (Excluding Amigo & Supermercado),,—,,—,,—,,—,,—,,—,,—,,—,,—,,—,,—,,—,,—,,20,0.150375939849624,—,,—,,—,,23,0.186991869918699,—,,—,,—,,5,0.0190839694656489,—,,0,,—,,0,,1,0.0144927536231884,2,0.00310077519379845,9,0.0545454545454545,4,0.0115942028985507,6,0.055045871559633,17,0.128787878787879,33,0.186440677966102,8,0.0296296296296296,17,0.193181818181818,33,0.270491803278689,32,0.216216216216216,24,0.0963855421686747,13,0.196969696969697,22,0.265060240963855
        Amigo,,—,,—,,—,,—,,—,,—,,—,,—,,—,,—,,—,,—,,—,,—,,—,,—,,—,,—,,—,,—,,—,,—,,—,,—,,—,,—,,—,,—,,0,,0,,0,,0,,0,,0,,0,,0,,0,,0,,0,,0,
        Supermercado,,—,,—,,—,,—,,—,,—,,—,,—,,—,,—,,—,,—,,—,,—,,—,,—,,—,,—,,—,,—,,—,,—,,—,,0,,—,,—,,0,,0,,0,,0,,0,,0,,0,,0,,0,,0,,0,,0,,0,,0,
      Small Formats,,—,,—,,—,,—,,—,,—,,—,,—,,—,,—,,—,,—,,—,,—,,—,,—,,—,,—,,—,,—,,—,,—,,—,,0,,—,,—,,0,,4,0.0062015503875969,2,0.0121212121212121,5,0.0144927536231884,0,,3,0.0227272727272727,0,,3,0.0111111111111111,4,0.0454545454545455,3,0.0245901639344262,2,0.0135135135135135,7,0.0281124497991968,1,0.0151515151515152,1,0.0120481927710843
        Walmart Express,,—,,—,,—,,—,,—,,—,,—,,—,,—,,—,,—,,—,,—,,—,,—,,—,,—,,—,,—,,—,,—,,—,,—,,—,,—,,—,,—,,4,0.0062015503875969,2,0.0121212121212121,4,0.0115942028985507,0,,1,0.00757575757575758,0,,3,0.0111111111111111,4,0.0454545454545455,2,0.0163934426229508,1,0.00675675675675676,0,,0,,1,0.0120481927710843
        Walmart to Go,,—,,—,,—,,—,,—,,—,,—,,—,,—,,—,,—,,—,,—,,—,,—,,—,,—,,—,,—,,—,,—,,—,,—,,—,,—,,—,,—,,—,,—,,—,,—,,—,,—,,—,,—,,—,,—,,—,,1,0.0151515151515152,0,
        Super Ahorros,,—,,—,,—,,—,,—,,—,,—,,—,,—,,—,,—,,—,,—,,—,,—,,—,,—,,—,,—,,—,,—,,—,,—,,—,,—,,—,,—,,—,,0,,1,0.00289855072463768,0,,0,,0,,0,,0,,0,,0,,0,,0,,0,
        Walmart on Campus,,—,,—,,—,,—,,—,,—,,—,,—,,—,,—,,—,,—,,—,,—,,—,,—,,—,,—,,—,,—,,—,,—,,—,,—,,—,,—,,—,,—,,0,,0,,0,,2,0.0151515151515152,—,,0,,0,,1,0.00819672131147541,1,0.00675675675675676,7,0.0281124497991968,0,,0,
        Marketside,,—,,—,,—,,—,,—,,—,,—,,—,,—,,—,,—,,—,,—,,—,,—,,—,,—,,—,,—,,—,,—,,—,,—,,0,,—,,—,,0,,0,,0,,0,,0,,0,,0,,—,,0,,0,,0,,—,,—,,—,
      Discount store,,—,,—,,—,,—,,—,,—,,—,,1146,0.175578366784127,—,,—,,—,,—,,—,,7,0.0526315789473684,—,,—,,—,,2,0.016260162601626,—,,—,,—,,0,,—,,0,,—,,0,,0,,0,,0,,0,,1,0.00917431192660551,1,0.00757575757575758,3,0.0169491525423729,2,0.00740740740740741,1,0.0113636363636364,0,,2,0.0135135135135135,1,0.00401606425702811,0,,1,0.0120481927710843
      Wal-MartNeighborhood Marketes,,—,,—,,—,,—,,—,,—,,—,,107,0.0163934426229508,—,,—,,—,,—,,—,,—,,—,,—,,—,,—,,—,,—,,—,,—,,—,,—,,—,,—,,—,,—,,—,,—,,—,,—,,—,,—,,—,,—,,—,,—,,—,,—,
    Sam’s Club,,—,,—,,—,,—,,—,,—,,—,,567,0.0868699249272254,—,,—,,—,,—,,—,,12,0.0902255639097744,—,,—,,—,,11,0.0894308943089431,—,,2,0.016260162601626,—,,6,0.0229007633587786,—,,1,0.0121951219512195,—,,1,0.003584229390681,1,0.0144927536231884,0,,1,0.00606060606060606,1,0.00289855072463768,3,0.0275229357798165,1,0.00757575757575758,7,0.0395480225988701,9,0.0333333333333333,0,,1,0.00819672131147541,9,0.0608108108108108,2,0.00803212851405622,4,0.0606060606060606,5,0.0602409638554217
  Walmart International,,—,,—,,—,,—,,—,,—,,—,,2609,0.399724222460548,—,,—,,—,,—,,—,,—,,—,,—,,—,,—,,56,0.835820895522388,105,0.853658536585366,154,0.870056497175141,202,0.770992366412214,29,0.828571428571429,81,0.98780487804878,88,0.765217391304348,266,0.953405017921147,62,0.898550724637681,631,0.978294573643411,132,0.8,326,0.944927536231884,88,0.807339449541284,96,0.727272727272727,111,0.627118644067797,234,0.866666666666667,50,0.568181818181818,72,0.590163934426229,75,0.506756756756757,200,0.803212851405622,32,0.484848484848485,30,0.36144578313253
Retail - Number of Locations Closed,,—,,—,,—,,—,,—,,—,,—,,—,,—,,—,,—,,—,,—,,2,1.0,—,,—,,—,,6,1.0,12,1.0,7,1.0,2,1.0,17,1.0,6,1.0,1,1.0,1,1.0,1,1.0,10,1.0,4,1.0,6,1.0,7,1.0,8,1.0,12,1.0,25,1.0,21,1.0,4,1.0,24,1.0,8,1.0,249,1.0,14,1.0,24,1.0
  United States,,—,,—,,—,,—,,—,,—,,—,,—,,—,,—,,—,,—,,—,,2,1.0,—,,—,,—,,6,1.0,—,,3,0.428571428571429,1,0.5,14,0.823529411764706,2,0.333333333333333,1,1.0,—,,0,,2,0.2,1,0.25,4,0.666666666666667,7,1.0,2,0.25,8,0.666666666666667,21,0.84,2,0.0952380952380952,1,0.25,19,0.791666666666667,0,,49,0.196787148594378,5,0.357142857142857,14,0.583333333333333
    Walmart U.S.,,—,,—,,—,,—,,—,,—,,—,,—,,—,,—,,—,,—,,—,,2,1.0,—,,—,,—,,6,1.0,—,,1,0.142857142857143,1,0.5,2,0.117647058823529,2,0.333333333333333,1,1.0,—,,0,,1,0.1,1,0.25,4,0.666666666666667,6,0.857142857142857,2,0.25,8,0.666666666666667,21,0.84,2,0.0952380952380952,0,,0,,0,,47,0.188755020080321,0,,14,0.583333333333333
      Small Formats,,—,,—,,—,,—,,—,,—,,—,,—,,—,,—,,—,,—,,—,,—,,—,,—,,—,,—,,—,,—,,—,,—,,—,,0,,—,,—,,0,,—,,4,0.666666666666667,—,,0,,1,0.0833333333333333,0,,0,,0,,—,,0,,—,,0,,0,
        Walmart to Go,,—,,—,,—,,—,,—,,—,,—,,—,,—,,—,,—,,—,,—,,—,,—,,—,,—,,—,,—,,—,,—,,—,,—,,—,,—,,—,,—,,—,,—,,—,,—,,—,,—,,—,,—,,—,,—,,—,,0,,0,
        Super Ahorros,,—,,—,,—,,—,,—,,—,,—,,—,,—,,—,,—,,—,,—,,—,,—,,—,,—,,—,,—,,—,,—,,—,,—,,—,,—,,—,,—,,—,,0,,—,,0,,0,,0,,0,,0,,0,,0,,0,,0,,0,
        Walmart on Campus,,—,,—,,—,,—,,—,,—,,—,,—,,—,,—,,—,,—,,—,,—,,—,,—,,—,,—,,—,,—,,—,,—,,—,,—,,—,,—,,—,,—,,0,,—,,0,,0,,0,,0,,0,,0,,0,,0,,0,,0,
        Walmart Express,,—,,—,,—,,—,,—,,—,,—,,—,,—,,—,,—,,—,,—,,—,,—,,—,,—,,—,,—,,—,,—,,—,,—,,—,,—,,—,,—,,—,,0,,—,,0,,1,0.0833333333333333,0,,—,,0,,0,,0,,0,,0,,0,
        Marketside,,—,,—,,—,,—,,—,,—,,—,,—,,—,,—,,—,,—,,—,,—,,—,,—,,—,,—,,—,,—,,—,,—,,—,,0,,—,,—,,0,,0,,4,0.666666666666667,—,,0,,0,,0,,—,,0,,0,,0,,—,,—,,—,
      Neighborhood Markets,,—,,—,,—,,—,,—,,—,,—,,—,,—,,—,,—,,—,,—,,—,,—,,—,,—,,—,,—,,—,,—,,0,,—,,1,1.0,—,,0,,1,0.1,1,0.25,0,,6,0.857142857142857,0,,0,,0,,2,0.0952380952380952,0,,0,,0,,47,0.188755020080321,0,,0,
        Amigo,,—,,—,,—,,—,,—,,—,,—,,—,,—,,—,,—,,—,,—,,—,,—,,—,,—,,—,,—,,—,,—,,—,,—,,—,,—,,—,,—,,1,0.25,0,,—,,0,,0,,0,,2,0.0952380952380952,0,,0,,0,,0,,0,,0,
        Neighborhood Markets (Excluding Amigo & Supermercado),,—,,—,,—,,—,,—,,—,,—,,—,,—,,—,,—,,—,,—,,0,,—,,—,,—,,2,0.333333333333333,—,,—,,—,,0,,—,,1,1.0,—,,0,,1,0.1,—,,0,,6,0.857142857142857,0,,0,,0,,0,,0,,0,,0,,47,0.188755020080321,0,,0,
        Supermercado,,—,,—,,—,,—,,—,,—,,—,,—,,—,,—,,—,,—,,—,,—,,—,,—,,—,,—,,—,,—,,—,,—,,—,,0,,—,,—,,0,,0,,0,,—,,0,,0,,0,,0,,0,,0,,0,,0,,0,,0,
      Supercenters,,—,,—,,—,,—,,—,,—,,—,,—,,—,,—,,—,,—,,—,,0,,—,,—,,—,,0,,—,,—,,—,,0,,—,,0,,—,,0,,0,,0,,0,,0,,0,,0,,20,0.8,0,,0,,0,,0,,0,,0,,0,
      Neighborhood Markets and Other Small Formats(DELETE),,—,,—,,—,,—,,—,,—,,—,,—,,—,,—,,—,,—,,—,,—,,—,,—,,—,,—,,—,,—,,—,,—,,—,,—,,—,,—,,—,,—,,—,,—,,—,,—,,—,,—,,—,,—,,0,,—,,—,,—,
      Discount store,,—,,—,,—,,—,,—,,—,,—,,—,,—,,—,,—,,—,,—,,2,1.0,—,,—,,—,,4,0.666666666666667,—,,—,,—,,2,0.117647058823529,—,,0,,—,,0,,0,,0,,0,,0,,2,0.25,7,0.583333333333333,1,0.04,0,,—,,—,,—,,0,,—,,—,
    Sam’s Club,,—,,—,,—,,—,,—,,—,,—,,—,,—,,—,,—,,—,,—,,—,,—,,—,,—,,0,,—,,2,0.285714285714286,—,,12,0.705882352941177,—,,0,,—,,0,,1,0.1,0,,0,,1,0.142857142857143,0,,0,,0,,0,,1,0.25,19,0.791666666666667,0,,2,0.00803212851405622,5,0.357142857142857,0,
  Walmart International,,—,,—,,—,,—,,—,,—,,—,,—,,—,,—,,—,,—,,—,,—,,—,,—,,—,,—,,12,1.0,4,0.571428571428571,1,0.5,3,0.176470588235294,4,0.666666666666667,0,,1,1.0,1,1.0,8,0.8,3,0.75,2,0.333333333333333,—,,6,0.75,4,0.333333333333333,4,0.16,19,0.904761904761905,3,0.75,5,0.208333333333333,8,1.0,200,0.803212851405622,9,0.642857142857143,10,0.416666666666667
Impact of Internet on Same-Store Sales,,—,,—,,—,,—,,—,,—,,—,,—,,—,,—,,—,,—,,—,,—,,—,,—,,—,,—,,—,,—,,—,,—,,—,,—,,—,,—,,—,,—,,—,,—,,—,,—,,—,,—,,—,,—,,—,,—,,—,,—,
  Sam’s Club,,—,,—,,—,,—,,—,,—,,—,,—,,—,,—,,—,,—,,—,,—,,—,,—,,—,,—,,—,,—,,—,,—,,—,,—,,—,,—,,—,,—,,—,,—,,—,,—,,—,,—,,—,,—,,—,,0.4,,0.2,,0.3,
  Wal-Mart Stores,,—,,—,,—,,—,,—,,—,,—,,—,,—,,—,,—,,—,,—,,—,,—,,—,,—,,—,,—,,—,,—,,—,,—,,—,,—,,—,,—,,—,,—,,—,,—,,—,,—,,—,,—,,—,,—,,0.3,,0.3,,0.3,
Traffic or Customer Traffic,,—,,—,,—,,—,,—,,—,,—,,—,,—,,—,,—,,—,,—,,—,,—,,—,,—,,—,,—,,—,,—,,—,,—,,—,,—,,—,,—,,—,,—,,—,,—,,—,,—,,—,,—,,—,,—,,—,,—,,—,
  Sam’s Club,,—,,—,,—,,—,,—,,—,,—,,—,,—,,—,,—,,—,,—,,—,,—,,—,,—,,—,,—,,—,,—,,—,,—,,—,,—,,—,,-2.8,,—,,—,,—,,2.1,,1.8,,2,,1.6,,1.3,,2.7,,-0.2,,1.2,,-0.2,,0.3,
  Wal-Mart Stores,,—,,—,,—,,—,,—,,—,,—,,—,,—,,—,,—,,—,,—,,—,,—,,—,,—,,—,,—,,—,,—,,—,,—,,—,,—,,—,,-1.8,,—,,—,,—,,2.6,,0.4,,0.1,,-1,,-1.8,,-0.5,,-0.4,,-1.7,,-1.4,,-1.1,
Ticket or Ticket per Transaction,,—,,—,,—,,—,,—,,—,,—,,—,,—,,—,,—,,—,,—,,—,,—,,—,,—,,—,,—,,—,,—,,—,,—,,—,,—,,—,,—,,—,,—,,—,,—,,—,,—,,—,,—,,—,,—,,—,,—,,—,
  Wal-Mart Stores,,—,,—,,—,,—,,—,,—,,—,,—,,—,,—,,—,,—,,—,,—,,—,,—,,—,,—,,—,,—,,—,,—,,—,,—,,—,,—,,—,,—,,—,,—,,2.6,,1.8,,1.4,,1.1,,0.4,,0.2,,0.1,,1.3,,1.3,,1.1,
  Sam’s Club,,—,,—,,—,,—,,—,,—,,—,,—,,—,,—,,—,,—,,—,,—,,—,,—,,—,,—,,—,,—,,—,,—,,—,,—,,—,,—,,—,,—,,—,,—,,2.1,,2.4,,2.3,,0.7,,2.1,,2.2,,2.2,,-1.3,,-0.3,,-0.3,
Retail Square Feet/Meter,,—,,—,,—,,—,,—,,—,,—,,—,,—,,806988,1.0,835989,1.0,—,,—,,869341,1.0,882981,1.0,892246,1.0,901160,1.0,920991,1.0,924492.29,1.0,932308.195,1.0,945512.471,1.0,952203,1.0,955840.085,1.0,960815.139,1.0,970801.728,1.0,984949,1.0,988602.127,1.0,1014828.338,1.0,1023514.878,1.0,1037159.181,1.0,1041131.779,1.0,1047110.451,1.0,1059914.574,1.0,1071713.313,1.0,1076900.825,1.0,1082796.52,1.0,1094455.498,1.0,1101721.725,1.0,1105734.488,1.0,1112255.846,1.0
  United States,,—,,—,,—,,—,,—,,—,,—,,—,,—,,616660,0.764150148453261,624643,0.747190453462904,—,,—,,644865,0.741786019525135,656447,0.743444083168267,663314,0.743420536488816,667857,0.741108127302588,669205,0.726614049431536,664974.577,0.719286233311908,675329.219,0.724362633109752,682455.238,0.721783433779796,682309,0.716558338925628,687804.932,0.719581594027834,689520.139,0.717640793751065,695824.614,0.716752549908935,698269,0.708939244570023,699358.887,0.707421993034009,701096.372,0.690852182332338,706161.674,0.689937869178683,708271.875,0.682896018253538,710306.201,0.68224428004901,713385.629,0.681289761093216,720601.866,0.679867872068716,723385.669,0.674980575705511,727000.612,0.675085945820498,731179.453,0.675269489229611,739583.023,0.675754312853751,743514.569,0.674866032073571,747321.387,0.675859706928125,753079.805,0.677074261023934
    Walmart U.S.,,—,,—,,—,,—,,—,,—,,—,,—,,—,,535718,0.663848780898849,547881,0.655368671118878,—,,—,,566629,0.651791414416207,577920,0.6545101196968,584595,0.6551948677831,588449,0.652990589906343,589299,0.639853158174184,585068.757,0.632854122558448,595241,0.638459474229978,601906.411,0.63659277847854,602908,0.633171708133665,607243.932,0.63529866714054,608842.139,0.633672508151435,614784.402,0.633274935827061,609693,0.619009715223834,618112.354,0.62523874581953,619849.839,0.610792796958731,624722.057,0.61036929743585,626686.125,0.604233310065063,628857.703,0.604013551103025,631743.655,0.603320933714948,638005.037,0.601940055029378,640732.704,0.597858304294481,644331.264,0.598319965071993,648388.314,0.598809011687625,655499.587,0.598927583805696,659132.286,0.598274746737884,662469.163,0.599121371531282,667544.302,0.600171538230782
      Supercenters,,—,,—,,—,,—,,—,,—,,—,,—,,—,,421211,0.521954477637834,430807,0.515326158597781,—,,—,,456516,0.525128804462231,470831,0.53322891432545,479388,0.53728231900171,484748,0.537915575480492,486625,0.528371069858446,483129.014,0.522588472857897,495610.192,0.531594803797686,507707.751,0.53696568429503,509475,0.535048723854052,512762.466,0.536452147222932,515606.521,0.536634468037873,530521.061,0.546477252459114,534577,0.542745868060174,536656.614,0.542843879598491,539420.45,0.531538615745671,548505.122,0.535903418494323,552237.136,0.532451668091631,554976.38,0.533051042331117,558975.042,0.533826246759522,567696.702,0.535606091213158,570408.29,0.532239623303065,574058.937,0.533065741685173,578312.171,0.534091272291861,586484.358,0.535868620580496,589857.636,0.535396209964,593761.447,0.536983745595172,599012.266,0.53855618575009
      Discount store,,—,,—,,—,,—,,—,,—,,—,,—,,—,,114507,0.141894303261015,112129,0.134127362919847,—,,—,,104561,0.120276163208683,101286,0.114709150027011,99198,0.111177859020943,97469,0.108159483332594,96304,0.10456562550557,95532.014,0.103334570805344,93105.475,0.0998655546516997,87673.327,0.0927257224934054,86869,0.0912294962313708,87141.517,0.0911674644823041,85904.875,0.0894083279010449,76932.598,0.0792464576247643,75116,0.0762638471636602,74094.002,0.0749482526654528,72929.862,0.0718642348357442,68429.178,0.0668570427952294,66402.467,0.0640234095367855,65593.161,0.0630017854829115,63637.198,0.0607741026166112,59793.76,0.0564137539635341,59098.401,0.0551438526358961,58277.925,0.054116334250185,56691.673,0.0523567188782616,54199.019,0.0495214461428929,53496.328,0.0485570237802109,52374.427,0.0473661874241911,51241.551,0.0460699318275374
      Neighborhood Markets,,—,,—,,—,,—,,—,,—,,—,,—,,—,,—,,—,,—,,—,,—,,—,,—,,—,,—,,—,,—,,—,,6564,0.00689348804824181,—,,7267.535,0.00756392640478576,—,,7374,0.007486682051558,7298.53,0.00738267681271133,7348.93,0.0072415498511631,7670.629,0.00749439911903264,7856.975,0.00757547649766213,8098.615,0.00777866468333016,8930.509,0.00852871728237578,10310.542,0.00972771037677985,10978.463,0.0102438430752236,11700.094,0.0108645974897456,13061.384,0.012062639432938,14478.785,0.0132292130894846,15430.156,0.0140054930840181,15983.446,0.0144550488145758,16923.563,0.0152155307260125
        Neighborhood Markets (Excluding Amigo & Supermercado),,—,,—,,—,,—,,—,,—,,—,,—,,—,,—,,—,,—,,—,,5552,0.00638644674529327,5803,0.00657205534433923,6009,0.00673468976044723,6232,0.00691553109325758,6370,0.00691646281016861,6304.611,0.00681953875461741,6382.486,0.00684589713383352,79.639,8.42283972370789e-05,6564,0.00689348804824181,7197.141,0.00752964969030358,7187.935,0.00748108008318966,7187.935,0.00740412258516293,7374,0.007486682051558,7218.93,0.00730215908184062,6556.525,0.00646072321248089,6878.224,0.00672019933255919,7064.57,0.00681146166318321,7306.21,0.00701756506464298,8138.104,0.00777196330361142,9522.587,0.00898429669106522,10226.715,0.00954239802375208,10948.346,0.0101665313516683,12309.636,0.0113683741798505,13727.037,0.0125423436814788,14678.408,0.0133231538118212,15229.991,0.0137736420137779,16163.981,0.0145326105123479
        Amigo,,—,,—,,—,,—,,—,,—,,—,,—,,—,,—,,—,,—,,—,,—,,—,,—,,—,,—,,—,,—,,—,,—,,—,,—,,—,,—,,—,,712.805,0.000702389727709791,712.805,0.000696428567206426,712.805,0.000687266731142208,712.805,0.000684644359510997,712.805,0.000680735255119711,708.355,0.000668313293708895,672.148,0.000627171456999527,672.148,0.000624150325077521,672.148,0.000620751902675121,672.148,0.000614139178092009,672.148,0.000610088722721702,673.855,0.000609418452000025,679.982,0.000611353945628082
        Supermercado,,—,,—,,—,,—,,—,,—,,—,,—,,—,,—,,—,,—,,—,,—,,—,,—,,—,,—,,39.91,4.31696407116602e-05,79.639,8.5421323578519e-05,6382.486,0.00675029277324043,—,,79.6,8.32775285836647e-05,79.6,8.28463215961047e-05,79.6,8.19940856141533e-05,—,,79.6,8.05177308707126e-05,79.6,7.8436910972425e-05,79.6,7.77712192670247e-05,79.6,7.67481033367047e-05,79.6,7.64552591761778e-05,79.6,7.60187236446559e-05,79.6,7.51003920057429e-05,79.6,7.42735944719948e-05,79.6,7.39158129997718e-05,79.6,7.35133504123194e-05,79.6,7.27302299138343e-05,79.6,7.22505494751862e-05,79.6,7.19883487978897e-05,79.6,7.15662680364999e-05
      Small Formats,,—,,—,,—,,—,,—,,—,,—,,—,,—,,—,,—,,—,,—,,—,,—,,—,,—,,—,,—,,—,,—,,—,,—,,63.208,6.5785807731741e-05,—,,—,,63.208,6.39367428753266e-05,150.597,0.000148396526152189,117.128,0.000114437027265177,189.547,0.000182755938984452,189.547,0.00018205860566667,200.906,0.000191867056439111,204.033,0.000192499475905876,247.55,0.000230985280295758,294.308,0.000273291646888654,323.086,0.000298381084564254,337.425,0.000308303992822557,348.166,0.000316019909655499,349.843,0.000316389697342966,366.922,0.000329889927141817
        Walmart Express,,—,,—,,—,,—,,—,,—,,—,,—,,—,,—,,—,,—,,—,,—,,—,,—,,—,,—,,—,,—,,—,,—,,—,,—,,—,,—,,—,,54.253,5.34602730023489e-05,83.992,8.20623146818585e-05,142.954,0.000137832265884363,142.954,0.000137306345732052,149.427,0.000142704143442839,149.427,0.000140980229601032,192.944,0.000180033221253826,239.702,0.000222585027734564,263.349,0.000243211900976557,275.228,0.000251474820586995,275.267,0.000249851658321433,275.228,0.000248909664107357,287.107,0.000258130358255721
        Super Ahorros,,—,,—,,—,,—,,—,,—,,—,,—,,—,,—,,—,,—,,—,,—,,—,,—,,—,,—,,—,,—,,—,,—,,—,,—,,—,,—,,—,,29.765,2.93300836067114e-05,29.765,2.90811600688818e-05,43.222,4.16734487741087e-05,43.222,4.15144373380999e-05,43.222,4.12774029317753e-05,46.349,4.37289958426404e-05,46.349,4.32475732434986e-05,46.349,4.30392464412867e-05,46.349,4.28049029932235e-05,46.349,4.23489123904058e-05,46.349,4.20696070053443e-05,46.349,4.19169344024295e-05,46.349,4.16711678043183e-05
        Walmart on Campus,,—,,—,,—,,—,,—,,—,,—,,—,,—,,—,,—,,—,,—,,—,,—,,—,,—,,—,,—,,—,,—,,—,,—,,—,,—,,—,,—,,3.371,3.32174405638247e-06,3.371,3.29355251443643e-06,3.371,3.2502243259803e-06,3.371,3.23782259651878e-06,8.257,7.88551006449653e-06,8.257,7.79025046220376e-06,8.257,7.70448579843292e-06,8.257,7.66737271280296e-06,13.388,1.2364280594474e-05,15.848,1.44802598451564e-05,26.55,2.4098644328721e-05,28.266,2.55630988331803e-05,28.266,2.54132177427099e-05
        Walmart to Go,,—,,—,,—,,—,,—,,—,,—,,—,,—,,—,,—,,—,,—,,—,,—,,—,,—,,—,,—,,—,,—,,—,,—,,—,,—,,—,,—,,—,,—,,—,,—,,—,,—,,—,,—,,—,,—,,—,,—,,5.2,4.67518333906784e-06
        Marketside,,—,,—,,—,,—,,—,,—,,—,,—,,—,,—,,—,,—,,—,,—,,—,,—,,—,,—,,63.208,6.83704998772894e-05,63.208,6.77973231802387e-05,63.208,6.68505196268321e-05,—,,63.208,6.61282164160337e-05,63.208,6.5785807731741e-05,63.208,6.51090724057714e-05,—,,63.208,6.39367428753266e-05,63.208,6.22844254867467e-05,0,,0,,0,,0,,0,,—,,0,,0,,0,,—,,—,,—,
      Wal-Mart US Neighborhood Markets,,—,,—,,—,,—,,—,,—,,—,,—,,—,,—,,4945,0.00591514960125073,—,,—,,—,,—,,—,,—,,—,,—,,—,,—,,—,,—,,—,,—,,—,,—,,—,,—,,—,,—,,—,,—,,—,,—,,—,,—,,—,,—,,—,
    Sam’s Club,,—,,—,,—,,—,,—,,—,,—,,—,,—,,76270,0.0945119382196513,76762,0.0918217823440261,—,,—,,78236,0.0899946051089273,78527,0.0889339634714677,78719,0.0882256687057157,79408,0.0881175373962448,79906,0.0867608912573521,79905.82,0.0864321107534601,80088.219,0.0859031588797737,80548.827,0.0851906553012562,79401,0.0833866307919635,80561,0.0842829268872941,80678,0.0839682855996298,81040.212,0.0834776140818736,81202,0.0824428472946315,81246.533,0.0821832472144782,81246.533,0.0800593853736079,81439.617,0.079568571742833,81585.75,0.0786627081884743,81448.498,0.0782307289459849,81641.974,0.0779688273782686,82596.829,0.0779278170393381,82652.965,0.0771222714110299,82669.348,0.0767659807485058,82791.139,0.0764604775419854,84083.436,0.0768267290480549,84382.283,0.0765912853356867,84852.224,0.0767383353968426,85535.503,0.0769027227931513
    Neighborhood Markets,,—,,—,,—,,—,,—,,—,,—,,—,,—,,4672,0.00578942933476086,—,,—,,—,,—,,—,,—,,—,,—,,—,,—,,—,,—,,—,,—,,—,,—,,—,,—,,—,,—,,—,,—,,—,,—,,—,,—,,—,,—,,—,,—,
  Walmart International,,—,,—,,—,,—,,—,,—,,—,,—,,—,,190328,0.235849851546739,211346,0.252809546537096,—,,—,,224476,0.258213980474865,226534,0.256555916831733,228932,0.256579463511184,233303,0.258891872697412,251786,0.273385950568464,259517.713,0.280713766688092,256978.976,0.275637366890248,263057.233,0.278216566220204,269894,0.283441661074372,268035.153,0.280418405972166,271295,0.282359206248935,274977.114,0.283247450091065,286680,0.291060755429977,289243.24,0.292578006965992,313731.966,0.309147817667662,317353.204,0.310062130821317,328887.306,0.317103981746462,330825.578,0.31775571995099,333724.822,0.318710238906784,339312.708,0.320132127931284,348327.644,0.325019424294489,349900.213,0.324914054179502,351617.067,0.324730510770389,354872.475,0.324245687146249,358207.156,0.325133967926429,358413.101,0.324140293071875,359176.041,0.322925738976066
Source: Bloomberg,,,,,,,,,,,,,,,,,,,,,,,,,,,,,,,,,,,,,,,,,,,,,,,,,,,,,,,,,,,,,,,,,,,,,,,,,,,,,,,,,
