Unnamed: 0,Unnamed: 1,Unnamed: 2,Unnamed: 3,Unnamed: 4,Unnamed: 5,Unnamed: 6,Unnamed: 7,Unnamed: 8,Unnamed: 9,Unnamed: 10,Unnamed: 11,Unnamed: 12,Unnamed: 13,Unnamed: 14,Unnamed: 15,Unnamed: 16,Unnamed: 17,Unnamed: 18,Unnamed: 19,Unnamed: 20,Unnamed: 21,Unnamed: 22,Unnamed: 23,Unnamed: 24,Unnamed: 25,Unnamed: 26,Unnamed: 27,Unnamed: 28,Unnamed: 29,Unnamed: 30,Unnamed: 31,Unnamed: 32,Unnamed: 33,Unnamed: 34,Unnamed: 35,Unnamed: 36,Unnamed: 37,Unnamed: 38,Unnamed: 39,Unnamed: 40,Unnamed: 41,Unnamed: 42,Unnamed: 43,Unnamed: 44,Unnamed: 45,Unnamed: 46,Unnamed: 47,Unnamed: 48,Unnamed: 49,Unnamed: 50,Unnamed: 51,Unnamed: 52,Unnamed: 53,Unnamed: 54,Unnamed: 55,Unnamed: 56,Unnamed: 57,Unnamed: 58,Unnamed: 59,Unnamed: 60,Unnamed: 61,Unnamed: 62,Unnamed: 63,Unnamed: 64,Unnamed: 65,Unnamed: 66,Unnamed: 67,Unnamed: 68,Unnamed: 69,Unnamed: 70,Unnamed: 71,Unnamed: 72,Unnamed: 73,Unnamed: 74,Unnamed: 75,Unnamed: 76,Unnamed: 77,Unnamed: 78,Unnamed: 79,Unnamed: 80,Unnamed: 81
General Electric Co (GE US) - By Measure,,,,,,,,,,,,,,,,,,,,,,,,,,,,,,,,,,,,,,,,,,,,,,,,,,,,,,,,,,,,,,,,,,,,,,,,,,,,,,,,,
,,,,,,,,,,,,,,,,,,,,,,,,,,,,,,,,,,,,,,,,,,,,,,,,,,,,,,,,,,,,,,,,,,,,,,,,,,,,,,,,,
date,,Q4 2004,,Q1 2005,,Q2 2005,,Q3 2005,,Q4 2005,,Q1 2006,,Q2 2006,,Q3 2006,,Q4 2006,,Q1 2007,,Q2 2007,,Q3 2007,,Q4 2007,,Q1 2008,,Q2 2008,,Q3 2008,,Q4 2008,,Q1 2009,,Q2 2009,,Q3 2009,,Q4 2009,,Q1 2010,,Q2 2010,,Q3 2010,,Q4 2010,,Q1 2011,,Q2 2011,,Q3 2011,,Q4 2011,,Q1 2012,,Q2 2012,,Q3 2012,,Q4 2012,,Q1 2013,,Q2 2013,,Q3 2013,,Q4 2013,,Q1 2014,,Q2 2014,,Q3 2014,
date,,12/31/2004,,03/31/2005,,06/30/2005,,09/30/2005,,12/31/2005,,03/31/2006,,06/30/2006,,09/30/2006,,12/31/2006,,03/31/2007,,06/30/2007,,09/30/2007,,12/31/2007,,03/31/2008,,06/30/2008,,09/30/2008,,12/31/2008,,03/31/2009,,06/30/2009,,09/30/2009,,12/31/2009,,03/31/2010,,06/30/2010,,09/30/2010,,12/31/2010,,03/31/2011,,06/30/2011,,09/30/2011,,12/31/2011,,03/31/2012,,06/30/2012,,09/30/2012,,12/31/2012,,03/31/2013,,06/30/2013,,09/30/2013,,12/31/2013,,03/31/2014,,06/30/2014,,09/30/2014,
Revenue,,39676,1.0,34033,1.0,35943,1.0,36021,1.0,40276,1.0,35119,1.0,37101,1.0,37307,1.0,42903,1.0,38689,1.0,40960,1.0,42128,1.0,47888,1.0,41653,1.0,46840,1.0,46690,1.0,46320,1.0,38010,1.0,39074,1.0,37361,1.0,36903,1.0,35854,1.0,36650,1.0,35186,1.0,41377,1.0,34704,1.0,34999,1.0,34808,1.0,37713,1.0,34523,1.0,36004,1.0,35467,1.0,38336,1.0,33328,1.0,35059,1.0,35661,1.0,26390,1.0,33352,1.0,31922,1.0,31849,1.0
  Industrial Segment,,—,,—,,—,,—,,—,,—,,—,,—,,—,,—,,—,,—,,—,,—,,—,,—,,—,,—,,—,,—,,23834,0.655572670260755,19259,0.617473549214492,20860,0.639053979535568,19933,0.642295546819617,—,,20799,0.61471848677405,23016,0.649142599277978,23403,0.660765712349653,27145,0.701022674448634,24055,0.679615764938551,25368,0.690812047274114,25172,0.690665642320145,28216,0.723617059472213,22674,0.662808032973779,25168,0.697483649262831,25813,0.708778384908976,22261,0.815391377605216,24549,0.731779294720839,26908,0.810897146129042,26625,0.806598200490775
    Power & Water,,—,,—,,—,,—,,—,,—,,—,,—,,—,,—,,—,,—,,—,,—,,—,,—,,—,,—,,—,,—,,—,,—,,—,,—,,—,,—,,—,,—,,7538,0.194669696813181,6551,0.18508263879079,6900,0.187898262621862,7196,0.197442792075948,7652,0.196240350832201,4825,0.141044754304423,5715,0.158380445626871,6498,0.178423350448942,—,,5509,0.164217366679584,6292,0.189615164391405,6375,0.193129146596383
    Aviation,,3178,0.0846856929677299,2590,0.0767976278724982,2971,0.0826264705064382,3007,0.0851166213768116,3336,0.0848250610252237,3041,0.0821736428243305,3291,0.0898836510624351,3133,0.0847650225913801,3587,0.0884761481919984,3451,0.0916381210334847,4079,0.100753365443992,4240,0.10135538928597,5049,0.105915670232851,4320,0.103848650207938,4923,0.105816352850142,4841,0.103944345436197,5155,0.112297135388302,4817,0.12733953685101,4619,0.11976870818856,4542,0.12178576216651,4750,0.130652437011772,4165,0.133536389868548,4259,0.13047607376999,4391,0.141489978733003,4804,0.117503179728011,4368,0.129097088813359,4732,0.13346119133574,4835,0.136512507764414,4924,0.127162853158411,4891,0.13818335923153,4855,0.132209574641904,4781,0.131180376447347,5467,0.140204652117047,5074,0.148323540588734,5303,0.146962642722536,5364,0.147285757434306,6170,0.225999047653932,5778,0.172235967448654,6090,0.183527709971974,5698,0.172619588597049
    Oil & Gas,,980,0.0261145308711061,641,0.019006671608599,763,0.0212197903050866,906,0.0256453804347826,1288,0.0327502034174125,772,0.020860918204664,1094,0.0298792811492872,1033,0.0279483780200752,1439,0.0354940555473336,1148,0.0304840808306115,1821,0.0449796220822527,1699,0.0406138694332226,2181,0.0457520453115167,1535,0.0368999254789779,1895,0.0407316653770097,1891,0.0406029244411998,2096,0.0456595142141379,1543,0.0407898910859681,1948,0.0505108126328891,1953,0.0523662689368548,2299,0.0632357795136979,1593,0.0510740621994229,1774,0.054347160100484,1778,0.0572920023200361,2416,0.0590940221113394,2558,0.0756021870843801,3480,0.0981498194945848,3520,0.0993844937602349,4083,0.105443933681112,3406,0.0962282808306258,3642,0.099177604705626,3645,0.100010975141305,4548,0.116636319339369,3399,0.0993598175918618,3955,0.10960536525884,4315,0.118482110986024,5306,0.194351855243398,4308,0.128416848004292,4761,0.143477081638188,4597,0.13926504892605
    Healthcare,,4259,0.113491619367389,3321,0.098472942920682,3768,0.104791834691437,3578,0.101279438405797,4486,0.114066314076485,3659,0.0988731861539709,4156,0.113508494018681,3891,0.105273125727118,4700,0.115929159883578,3895,0.103428131389575,4045,0.0999135482277387,4062,0.0971003753017952,4995,0.104782882315922,3887,0.0934397461477439,4491,0.0965308228011349,4191,0.0899877611491637,4823,0.105064807755146,3545,0.0937136512636143,3964,0.10278483638438,3801,0.101917147070653,4705,0.129414677082187,3733,0.119685796729721,4102,0.125666319465719,3958,0.127537539472836,5104,0.124841013599452,4090,0.120880744790897,4498,0.126861462093863,4332,0.122310689479925,5163,0.133335055007489,4300,0.121486085605311,4500,0.122542345188171,4307,0.118174834000988,5183,0.132921293565512,4289,0.125376362945424,4490,0.124431881166168,4304,0.118180070842143,5117,0.187429031903593,4198,0.125137866277163,4483,0.135099297833228,4485,0.135872034899573
    Appliances & Lighting,,—,,—,,—,,—,,—,,—,,—,,—,,—,,—,,—,,—,,—,,—,,—,,—,,—,,—,,—,,—,,—,,—,,—,,—,,—,,—,,—,,—,,2019,0.0521409018129229,—,,—,,—,,2068,0.0530351601569512,1917,0.0560378847671665,2127,0.0589457931493183,2098,0.057607292896565,2196,0.0804366140434416,1857,0.0553551733388977,2120,0.0638881354910647,2117,0.0641340240540459
    Energy Management,,—,,—,,—,,—,,—,,—,,—,,—,,—,,—,,—,,—,,—,,—,,—,,—,,—,,—,,—,,—,,—,,—,,—,,—,,—,,—,,—,,—,,1954,0.0504622695108724,1722,0.0486509393982201,1877,0.0511137737595991,1879,0.0515557262799759,1934,0.0495986459108045,1748,0.0510976643573329,1981,0.0548996785278794,1828,0.0501935802740328,2012,0.0736969341782352,1672,0.0498405222523624,1856,0.0559322544676491,1813,0.0549244145536066
    Transportation,,876,0.0233431929011112,756,0.022416604892513,892,0.0248074088494591,910,0.0257586050724638,1019,0.025910292921074,1023,0.0276434188126571,1002,0.0273665810892009,1017,0.0275154892995319,1118,0.0275763405850723,1128,0.0299529992830399,1107,0.0273434605409411,1109,0.026510171395788,1179,0.0247325361862807,1148,0.0275968172311834,1202,0.025836127590061,1256,0.026968415176175,1410,0.0307156083215336,1171,0.0309559056783335,1069,0.0277187159674325,970,0.0260088483710953,617,0.0169710639234239,766,0.0245591535748637,709,0.0217204828135531,869,0.0280015466907263,1026,0.0250953918403287,903,0.0266883404758386,1231,0.0347190884476534,1287,0.0363374555310859,1464,0.0378079644646454,1270,0.0358807741206385,1565,0.0426175044932193,1409,0.0386599352466663,1364,0.0349806375503295,1422,0.0415680084188371,1597,0.0442578428112183,1406,0.0386062220269639,1460,0.053477894582616,1227,0.0365755507198855,1306,0.0393575023355333,1540,0.0466539428640674
    Home & Business Solutions,,—,,—,,—,,—,,—,,—,,—,,—,,—,,—,,—,,—,,—,,—,,—,,—,,—,,1924,0.0508617954954002,2169,0.0562412487683452,2136,0.0572730929078965,2214,0.0608977885355925,1940,0.0621994228919526,2250,0.0689295999019668,2125,0.0684732873622479,2333,0.057063888073574,1989,0.0587852815132259,2153,0.0607231498194946,2094,0.059122480094867,—,,1915,0.0541036869614352,2029,0.0552529818637329,1955,0.0536410031279153,—,,—,,—,,—,,—,,—,,—,,—,
    Energy Infrastructure,,—,,—,,—,,—,,—,,—,,—,,—,,—,,—,,—,,7386,0.176559175770325,9447,0.198174952800503,7724,0.185677540325489,9671,0.207871206259135,9769,0.209756726000043,11407,0.248491449733145,9082,0.240086708258433,10459,0.271197427786133,9769,0.261938597667248,11338,0.311860490703048,8655,0.277492786149407,9540,0.292261503584339,8590,0.276793194560804,10960,0.268075530769983,9449,0.27926703118073,10402,0.293377707581227,10855,0.306482579479361,—,,—,,—,,—,,—,,—,,—,,—,,—,,—,,—,,—,
      Energy,,4400,0.11724891411517,3951,0.117153446997776,3884,0.108017910281725,3681,0.104194972826087,5009,0.127364727420667,3835,0.103629043153998,4442,0.121319713770689,5078,0.137388057682422,5433,0.134009175669676,4667,0.12392787912584,5195,0.128319130542176,5357,0.128056797265317,6922,0.145206628907069,6356,0.152792134426308,7912,0.170062763304961,7392,0.158718570845769,9550,0.208038340050103,7784,0.205773501110289,8686,0.225224290826116,7979,0.213942887786567,9249,0.254400924194081,7205,0.231003526771401,8027,0.245910177072483,6812,0.219501192240768,8810,0.215487721357988,7107,0.210048766070637,7184,0.202617328519856,7566,0.213620193122141,—,,—,,—,,—,,—,,—,,—,,—,,—,,—,,—,,—,
  Capital,,—,,—,,—,,—,,—,,—,,—,,—,,—,,—,,—,,16979,0.405875744029833,17854,0.374533249423117,16969,0.407918459578355,17981,0.386488694007394,17292,0.371288085371352,14766,0.321664306720401,13775,0.364148249973565,12736,0.330239070684022,12005,0.321893015149484,12522,0.344427329739245,11931,0.382526450785508,11782,0.360946020464432,11101,0.357704453180383,11899,0.291042950787594,13036,0.385281513225949,12440,0.350857400722022,12015,0.339234287650347,11577,0.298977325551366,11340,0.320384235061449,11354,0.309187952725886,11274,0.309334357679855,10777,0.276382940527787,11535,0.337191967026221,10916,0.302516350737169,10606,0.291221615091024,5040,0.184608622394784,8998,0.268220705279161,6275,0.189102853870958,6384,0.193401799509225
    Consumer,,4304,0.114690755989021,4689,0.139036323202372,4928,0.137052590594321,4913,0.139068161231884,4886,0.124237184703011,5090,0.137541546193963,5268,0.143879390397116,5064,0.137009280051947,5375,0.132578560505155,5958,0.158209193021588,6276,0.155020377917747,6153,0.147084837329381,6523,0.136836584854206,6440,0.154811413735907,6656,0.143065944458774,6540,0.140424709595688,5602,0.122034636749809,4712,0.124563815163371,4851,0.125784369652025,4848,0.12999061536399,4338,0.119320057212015,4564,0.146328951587047,4317,0.132252925678574,4097,0.132016498034414,4517,0.110483318657666,4823,0.142544702231417,4172,0.117666967509025,4028,0.113727483200632,3744,0.0966892205981096,3877,0.109535245091115,3812,0.103806982190513,3911,0.107309444109093,3912,0.100325699484523,3891,0.113741997719898,3650,0.101152865535972,3683,0.101128531810319,—,,3602,0.107371747101082,3598,0.108429014857005,3622,0.109727650034839
    GECAS,,—,,—,,—,,—,,—,,—,,—,,—,,—,,—,,—,,1195,0.0285659646690412,1179,0.0247325361862807,1270,0.0305295800379817,1155,0.0248258963115811,1265,0.0271616601893801,1211,0.0263805685655157,1103,0.0291582954425293,1163,0.0301560960431468,1125,0.0301649014613219,1219,0.0335295412036528,1239,0.0397242705995511,1259,0.0385699405673672,1321,0.0425662176967197,1308,0.0319929556794834,1325,0.0391606324811586,1327,0.0374266696750903,1265,0.0357163024450844,1345,0.034734776096276,1331,0.0376041813815511,1317,0.0358640596917379,1249,0.0342698787246886,1397,0.0358269432975149,1379,0.0403110292613055,1282,0.0355282119498947,1312,0.0360251517065268,1373,0.0502911981246108,1345,0.0400930038453513,1345,0.0405328029412651,1262,0.0382319973340604
    Corporate,,—,,—,,—,,—,,—,,—,,—,,—,,—,,—,,—,,—,,—,,—,,—,,—,,—,,—,,—,,—,,—,,—,,—,,—,,—,,—,,—,,—,,—,,—,,—,,—,,—,,—,,902,,—,,—,,—,,774,,905,
    Energy Financial services (EFS),,200,0.00532949609614411,228,0.00676056338028169,382,0.0106238006507773,379,0.0107280344202899,360,0.00915378356387307,301,0.00813359634663712,364,0.00994155241164582,524,0.0141771055977923,475,0.0117162448818509,324,0.0086035210706604,417,0.0103001111522786,832,0.0198886046900772,832,0.0174533249423117,770,0.0185100603379889,989,0.0212578454131201,1261,0.0270757735168445,687,0.0149656900119813,644,0.0170244263508512,490,0.0127054918840429,483,0.0129507976940609,500,0.0137528881065024,791,0.0253606925296569,595,0.0182280497518534,291,0.00937681252819488,280,0.00684864494667841,345,0.0101965420422639,365,0.0102944494584838,221,0.00623976509119657,292,0.00754093280305769,239,0.0067523661534115,446,0.0121453079897609,401,0.0110025791582067,422,0.010822455312492,343,0.0100266011868222,303,0.00839707349517792,438,0.0120266893654411,442,0.0161898831544632,469,0.0139803857274868,307,0.00925172528101739,344,0.0104214002241813
    CCL,,—,,—,,—,,—,,—,,—,,—,,—,,—,,—,,—,,6862,0.164033179547247,7408,0.155401720159429,6606,0.158801894276305,7217,0.155124236952971,6547,0.140575011272626,6146,0.133885197690883,5680,0.150153325578936,5306,0.137582326401494,4725,0.126692586137552,5004,0.137638904169876,4594,0.147290798332799,4506,0.138043012070339,4551,0.146645614487336,4796,0.117307504158106,4608,0.136190335451456,4666,0.131599729241877,4512,0.127392851092665,4392,0.113423893393936,4340,0.122616188727221,4038,0.109961331082185,4028,0.110519672940789,4052,0.103916087502885,3507,0.102516881522406,3907,0.108275135794258,3677,0.100963782640929,3225,0.11812754111571,3582,0.10677556860524,251,0.00756411415483832,251,0.00760398679148111
    Real Estate,,894,0.0238228475497642,898,0.0266271312083024,744,0.0206913813721946,1022,0.0289288949275362,828,0.0210537021969081,1075,0.0290485583808469,1047,0.0285956191620691,1328,0.0359297638050919,1570,0.0387252725568546,1615,0.0428848349664091,1557,0.0384586884031123,1937,0.046303157794086,1912,0.0401090832808894,1883,0.0452655111901728,1964,0.0422147708709483,1679,0.0360509307968136,1120,0.0243982137022111,975,0.0257745585280744,1014,0.0262925893273868,981,0.0263037940742727,1039,0.0285785014853119,944,0.0302661109329913,991,0.0303596593345996,953,0.0307082554617516,856,0.0209372859798454,907,0.0268065612531402,992,0.0279783393501805,935,0.0263990061550624,878,0.0226744486338516,836,0.0236191552479164,876,0.0238549098632972,948,0.026011084892718,994,0.0254917549303721,1657,0.0484375456751147,872,0.0241658352732513,689,0.0189186962849062,—,,—,,—,,—,
  Adjustment,,—,,-317,,-596,,-347,,-33,,-2910,,-644,,-567,,1626,,-511,,-1424,,-384,,-645,,-575,,—,,-544,,107,,-428,,-34,,-438,,-284,,-350,,-278,,-418,,—,,-3625,,-624,,-556,,-259,,-557,,-393,,-787,,2,,-1682,,—,,—,,-269,,691,,-338,,-258,
  Corporate,,2149,,625,,582,,1040,,981,,1022,,1131,,913,,735,,1541,,1899,,679,,863,,629,,316,,661,,308,,610,,542,,504,,831,,5014,,4286,,4570,,493,,4494,,167,,-54,,-750,,-315,,-325,,-192,,-659,,801,,-1025,,-758,,-642,,-886,,-923,,-902,
  Technology Infrastructure,,—,,—,,—,,—,,—,,—,,—,,—,,—,,—,,—,,10549,0.252169339994741,12492,0.262051604782882,10460,0.251448352123849,11851,0.254728742154587,11450,0.245850600133124,12555,0.273499618777911,9523,0.251744739346516,9637,0.249883316911269,9306,0.249524064888055,—,,—,,—,,—,,10930,0.267341747382839,—,,—,,—,,—,,—,,—,,—,,—,,—,,—,,—,,—,,—,,—,,—,
    Enterprise Solutions,,—,,—,,—,,—,,—,,—,,—,,2577,0.0697221395525013,1102,0.0271816881258941,1024,0.0271913752356674,1031,0.0254662220575522,1137,0.0271794994382425,1270,0.026641493601846,1105,0.0265631385369841,1235,0.0265454389132491,1192,0.0255942284156056,1178,0.0256616926260756,—,,—,,—,,—,,—,,—,,—,,—,,—,,—,,—,,—,,—,,—,,—,,—,,—,,—,,—,,—,,—,,—,,—,
  Industrial,,8378,0.223252591467477,7668,0.227368421052632,8253,0.229524153850432,8257,0.233723958333333,8453,0.214935923515053,8140,0.21995838625125,6473,0.176790298792811,6256,0.169259489732421,4306,0.106210843076316,4089,0.10857962240102,4467,0.110337161911819,—,,—,,—,,—,,—,,—,,—,,—,,—,,—,,—,,—,,—,,—,,—,,—,,—,,—,,—,,—,,—,,—,,—,,—,,—,,—,,—,,—,,—,
    Plastics,,1715,0.0457004290244357,1648,0.0488658265381764,1640,0.0456100342075257,1663,0.047073143115942,1655,0.0420819772172498,1644,0.044424027886616,1684,0.0459933358824493,—,,—,,—,,—,,—,,—,,—,,—,,—,,—,,—,,—,,—,,—,,—,,—,,—,,—,,—,,—,,—,,—,,—,,—,,—,,—,,—,,—,,—,,—,,—,,—,,—,
    Equipment Services,,1727,0.0460201987902044,1574,0.0466716085989622,1652,0.0459437661651417,1709,0.0483752264492754,1692,0.0430227827502034,1634,0.0441538087388872,1797,0.0490795870432075,—,,—,,—,,—,,—,,—,,—,,—,,—,,—,,—,,—,,—,,—,,—,,—,,—,,—,,—,,—,,—,,—,,—,,—,,—,,—,,—,,—,,—,,—,,—,,—,,—,
  Infrastructure,,10877,0.289844645188797,9374,0.277954040029652,10221,0.284256194899463,10128,0.286684782608696,12080,0.307160292921074,10152,0.274326478774286,11332,0.309499098705413,12113,0.327723816996293,13387,0.330200779438607,12202,0.324012852173451,13934,0.34417685562554,—,,—,,—,,—,,—,,—,,—,,—,,—,,—,,—,,—,,—,,—,,—,,—,,—,,—,,—,,—,,—,,—,,—,,—,,—,,—,,—,,—,,—,
    Aviation Financial Services,,875,0.0233165454206305,817,0.0242253521126761,819,0.0227772061072948,964,0.0272871376811594,904,0.0229861676159479,934,0.0252384683978707,981,0.026793029988529,1075,0.0290847109115013,1187,0.029278279315278,1249,0.0331660426458483,1088,0.0268741509200939,—,,—,,—,,—,,—,,—,,—,,—,,—,,—,,—,,—,,—,,—,,—,,—,,—,,—,,—,,—,,—,,—,,—,,—,,—,,—,,—,,—,,—,
  Consumer & Industrial,,3757,0.100114584166067,3261,0.0966938472942921,3576,0.0994521233695803,3522,0.0996942934782609,3733,0.0949196501220504,3534,0.0954954468073608,3852,0.105205659037527,3421,0.0925570195611591,3204,0.0790291549504218,3065,0.0813882471653522,3437,0.0848956403606274,3163,0.0756101642244161,3326,0.0697713446612125,2862,0.0687997307627587,3139,0.0674705528329464,2989,0.0641788160522191,2747,0.0598409759285481,—,,—,,—,,—,,—,,—,,—,,—,,—,,—,,—,,—,,—,,—,,—,,—,,—,,—,,—,,—,,—,,—,,—,
  Commercial Finance,,5368,0.143043675220508,5072,0.150392883617494,4929,0.137080401590789,5414,0.153249547101449,5231,0.133009560618389,5484,0.148188180614478,5527,0.150953187305402,6006,0.162495603473932,8557,0.211065068324207,8031,0.213255795427388,8138,0.201012720760776,—,,—,,—,,—,,—,,—,,—,,—,,—,,—,,—,,—,,—,,—,,—,,—,,—,,—,,—,,—,,—,,—,,—,,—,,—,,—,,—,,—,,—,
    Capital Solutions,,3126,0.0833000239827324,2889,0.0856634544106746,2856,0.0794282059126178,2834,0.0802196557971015,2897,0.0736625305126119,2820,0.0762017996595239,3047,0.0832195335117714,3101,0.0838992451502936,3848,0.0949139164323418,3363,0.0893013622241695,3465,0.085587254538718,—,,—,,—,,—,,—,,—,,—,,—,,—,,—,,—,,—,,—,,—,,—,,—,,—,,—,,—,,—,,—,,—,,—,,—,,—,,—,,—,,—,,—,
  NBC Universal,,4341,0.115676712766808,3601,0.106775389177168,3858,0.107294824373557,3038,0.0859941123188406,4192,0.106590724165989,4482,0.121112222012052,3858,0.105369530780576,3631,0.0982386840182896,4217,0.104015588772138,3484,0.0925144055869779,3625,0.0895393355563789,3756,0.0897855759806851,4551,0.0954688483322845,3584,0.0861559172095483,3882,0.0834408047459376,5073,0.108925772443261,4430,0.0965036488399957,3524,0.0931585069260865,3565,0.0924389358502308,4079,0.109371229387317,—,,—,,—,,—,,4762,0.116475882986009,—,,—,,—,,—,,—,,—,,—,,—,,—,,—,,—,,—,,—,,—,,—,
Revenue - Supplementary Breakdown,,—,,—,,—,,—,,—,,—,,—,,—,,—,,—,,—,,—,,—,,—,,—,,—,,—,,—,,—,,—,,—,,—,,—,,—,,—,,—,,—,,—,,—,,—,,—,,—,,—,,—,,—,,—,,—,,—,,32260,1.0,32107,1.0
  Industrial Segment,,—,,—,,—,,—,,—,,—,,—,,—,,—,,—,,—,,—,,—,,—,,—,,—,,—,,—,,—,,—,,—,,—,,—,,—,,—,,—,,—,,—,,—,,—,,—,,—,,—,,—,,—,,—,,—,,—,,26908,0.810897146129042,26625,0.806598200490775
    Power & Water,,—,,—,,—,,—,,—,,—,,—,,—,,—,,—,,—,,—,,—,,—,,—,,—,,—,,—,,—,,—,,—,,—,,—,,—,,—,,—,,—,,—,,—,,—,,—,,—,,—,,—,,—,,—,,—,,—,,6292,0.189615164391405,6375,0.193129146596383
      Equipment,,—,,—,,—,,—,,—,,—,,—,,—,,—,,—,,—,,—,,—,,—,,—,,—,,—,,—,,—,,—,,—,,—,,—,,—,,—,,—,,—,,—,,—,,—,,—,,—,,—,,—,,—,,—,,—,,—,,3100,0.0934213301991984,3400,0.103002211518071
      Services,,—,,—,,—,,—,,—,,—,,—,,—,,—,,—,,—,,—,,—,,—,,—,,—,,—,,—,,—,,—,,—,,—,,—,,—,,—,,—,,—,,—,,—,,—,,—,,—,,—,,—,,—,,—,,—,,—,,3200,0.0964349214959467,2900,0.0878548274712957
    Aviation,,—,,—,,—,,—,,—,,—,,—,,—,,—,,—,,—,,—,,—,,—,,—,,—,,—,,—,,—,,—,,—,,—,,—,,—,,—,,—,,—,,—,,—,,—,,—,,—,,—,,—,,—,,—,,—,,—,,6090,0.183527709971974,5698,0.172619588597049
      Equipment,,—,,—,,—,,—,,—,,—,,—,,—,,—,,—,,—,,—,,—,,—,,—,,—,,—,,—,,—,,—,,—,,—,,—,,—,,—,,—,,—,,—,,—,,—,,—,,—,,—,,—,,—,,—,,—,,—,,3100,0.0934213301991984,2900,0.0878548274712957
      Services,,—,,—,,—,,—,,—,,—,,—,,—,,—,,—,,—,,—,,—,,—,,—,,—,,—,,—,,—,,—,,—,,—,,—,,—,,—,,—,,—,,—,,—,,—,,—,,—,,—,,—,,—,,—,,—,,—,,2900,0.0873941476057017,2800,0.0848253506619407
    Oil & Gas,,—,,—,,—,,—,,—,,—,,—,,—,,—,,—,,—,,—,,—,,—,,—,,—,,—,,—,,—,,—,,—,,—,,—,,—,,—,,—,,—,,—,,—,,—,,—,,—,,—,,—,,—,,—,,—,,—,,4761,0.143477081638188,4597,0.13926504892605
      Equipment,,—,,—,,—,,—,,—,,—,,—,,—,,—,,—,,—,,—,,—,,—,,—,,—,,—,,—,,—,,—,,—,,—,,—,,—,,—,,—,,—,,—,,—,,—,,—,,—,,—,,—,,—,,—,,—,,—,,2600,0.0783533737154567,2500,0.0757369202338756
      Services,,—,,—,,—,,—,,—,,—,,—,,—,,—,,—,,—,,—,,—,,—,,—,,—,,—,,—,,—,,—,,—,,—,,—,,—,,—,,—,,—,,—,,—,,—,,—,,—,,—,,—,,—,,—,,—,,—,,2200,0.0662990085284634,2100,0.0636190129964555
    Healthcare,,—,,—,,—,,—,,—,,—,,—,,—,,—,,—,,—,,—,,—,,—,,—,,—,,—,,—,,—,,—,,—,,—,,—,,—,,—,,—,,—,,—,,—,,—,,—,,—,,—,,—,,—,,—,,—,,—,,4483,0.135099297833228,4485,0.135872034899573
      Equipment,,—,,—,,—,,—,,—,,—,,—,,—,,—,,—,,—,,—,,—,,—,,—,,—,,—,,—,,—,,—,,—,,—,,—,,—,,—,,—,,—,,—,,—,,—,,—,,—,,—,,—,,—,,—,,—,,—,,2500,0.0753397824187084,2500,0.0757369202338756
      Services,,—,,—,,—,,—,,—,,—,,—,,—,,—,,—,,—,,—,,—,,—,,—,,—,,—,,—,,—,,—,,—,,—,,—,,—,,—,,—,,—,,—,,—,,—,,—,,—,,—,,—,,—,,—,,—,,—,,2000,0.0602718259349667,2000,0.0605895361871005
    Appliances & Lighting,,—,,—,,—,,—,,—,,—,,—,,—,,—,,—,,—,,—,,—,,—,,—,,—,,—,,—,,—,,—,,—,,—,,—,,—,,—,,—,,—,,—,,—,,—,,—,,—,,—,,—,,—,,—,,—,,—,,2120,0.0638881354910647,2117,0.0641340240540459
      Equipment,,—,,—,,—,,—,,—,,—,,—,,—,,—,,—,,—,,—,,—,,—,,—,,—,,—,,—,,—,,—,,—,,—,,—,,—,,—,,—,,—,,—,,—,,—,,—,,—,,—,,—,,—,,—,,—,,—,,2000,0.0602718259349667,2000,0.0605895361871005
      Services,,—,,—,,—,,—,,—,,—,,—,,—,,—,,—,,—,,—,,—,,—,,—,,—,,—,,—,,—,,—,,—,,—,,—,,—,,—,,—,,—,,—,,—,,—,,—,,—,,—,,—,,—,,—,,—,,—,,100,0.00301359129674834,100,0.00302947680935502
    Energy Management,,—,,—,,—,,—,,—,,—,,—,,—,,—,,—,,—,,—,,—,,—,,—,,—,,—,,—,,—,,—,,—,,—,,—,,—,,—,,—,,—,,—,,—,,—,,—,,—,,—,,—,,—,,—,,—,,—,,1856,0.0559322544676491,1813,0.0549244145536066
      Equipment,,—,,—,,—,,—,,—,,—,,—,,—,,—,,—,,—,,—,,—,,—,,—,,—,,—,,—,,—,,—,,—,,—,,—,,—,,—,,—,,—,,—,,—,,—,,—,,—,,—,,—,,—,,—,,—,,—,,1400,0.0421902781544767,1300,0.0393831985216153
      Services,,—,,—,,—,,—,,—,,—,,—,,—,,—,,—,,—,,—,,—,,—,,—,,—,,—,,—,,—,,—,,—,,—,,—,,—,,—,,—,,—,,—,,—,,—,,—,,—,,—,,—,,—,,—,,—,,—,,500,0.0150679564837417,500,0.0151473840467751
    Transportation,,—,,—,,—,,—,,—,,—,,—,,—,,—,,—,,—,,—,,—,,—,,—,,—,,—,,—,,—,,—,,—,,—,,—,,—,,—,,—,,—,,—,,—,,—,,—,,—,,—,,—,,—,,—,,—,,—,,1306,0.0393575023355333,1540,0.0466539428640674
      Equipment,,—,,—,,—,,—,,—,,—,,—,,—,,—,,—,,—,,—,,—,,—,,—,,—,,—,,—,,—,,—,,—,,—,,—,,—,,—,,—,,—,,—,,—,,—,,—,,—,,—,,—,,—,,—,,—,,—,,600,0.01808154778049,800,0.0242358144748402
      Services,,—,,—,,—,,—,,—,,—,,—,,—,,—,,—,,—,,—,,—,,—,,—,,—,,—,,—,,—,,—,,—,,—,,—,,—,,—,,—,,—,,—,,—,,—,,—,,—,,—,,—,,—,,—,,—,,—,,700,0.0210951390772383,700,0.0212063376654852
  Capital,,—,,—,,—,,—,,—,,—,,—,,—,,—,,—,,—,,—,,—,,—,,—,,—,,—,,—,,—,,—,,—,,—,,—,,—,,—,,—,,—,,—,,—,,—,,—,,—,,—,,—,,—,,—,,—,,—,,6275,0.189102853870958,6384,0.193401799509225
  Corporate,,—,,—,,—,,—,,—,,—,,—,,—,,—,,—,,—,,—,,—,,—,,—,,—,,—,,—,,—,,—,,—,,—,,—,,—,,—,,—,,—,,—,,—,,—,,—,,—,,—,,—,,—,,—,,—,,—,,-923,,-902,
Organic Revenue,,—,,—,,—,,—,,—,,—,,—,,—,,—,,—,,—,,—,,—,,—,,—,,—,,—,,—,,—,,—,,—,,—,,—,,—,,—,,—,,—,,—,,—,,—,,—,,—,,28216,1.0,—,,25168,1.0,25813,1.0,—,,24347,1.0,26908,1.0,26625,1.0
  Industrial Segment,,—,,—,,—,,—,,—,,—,,—,,—,,—,,—,,—,,—,,—,,—,,—,,—,,—,,—,,—,,—,,—,,—,,—,,—,,—,,—,,—,,—,,—,,—,,—,,—,,28216,1.0,—,,25168,1.0,25813,1.0,—,,24347,1.0,26908,1.0,26625,1.0
    Power & Water,,—,,—,,—,,—,,—,,—,,—,,—,,—,,—,,—,,—,,—,,—,,—,,—,,—,,—,,—,,—,,—,,—,,—,,—,,—,,—,,—,,—,,—,,—,,—,,—,,7652,0.271193648993479,—,,5715,0.227074062301335,6498,0.251733622593267,—,,5503,0.226023740091182,6292,0.233833804073138,6375,0.23943661971831
    Aviation,,—,,—,,—,,—,,—,,—,,—,,—,,—,,—,,—,,—,,—,,—,,—,,—,,—,,—,,—,,—,,—,,—,,—,,—,,—,,—,,—,,—,,—,,—,,—,,—,,5467,0.193755316132691,—,,5303,0.210704068658614,5364,0.207802270173943,—,,5736,0.235593707643652,6090,0.226326742976067,5698,0.214009389671361
    Oil & Gas,,—,,—,,—,,—,,—,,—,,—,,—,,—,,—,,—,,—,,—,,—,,—,,—,,—,,—,,—,,—,,—,,—,,—,,—,,—,,—,,—,,—,,—,,—,,—,,—,,4548,0.161185143181174,—,,3955,0.157143992371265,4315,0.167163832177585,—,,4187,0.171971906189674,4761,0.176936227144344,4597,0.172657276995305
    Healthcare,,—,,—,,—,,—,,—,,—,,—,,—,,—,,—,,—,,—,,—,,—,,—,,—,,—,,—,,—,,—,,—,,—,,—,,—,,—,,—,,—,,—,,—,,—,,—,,—,,5183,0.183690104905018,—,,4490,0.178401144310235,4304,0.166737690311084,—,,4169,0.171232595391629,4483,0.166604727218671,4485,0.168450704225352
    Appliances & Lighting,,—,,—,,—,,—,,—,,—,,—,,—,,—,,—,,—,,—,,—,,—,,—,,—,,—,,—,,—,,—,,—,,—,,—,,—,,—,,—,,—,,—,,—,,—,,—,,—,,2068,0.0732917493620641,—,,2127,0.0845120788302606,2098,0.0812768759927169,—,,1857,0.076272230664969,2120,0.0787869778504534,2117,0.0795117370892019
    Energy Management,,—,,—,,—,,—,,—,,—,,—,,—,,—,,—,,—,,—,,—,,—,,—,,—,,—,,—,,—,,—,,—,,—,,—,,—,,—,,—,,—,,—,,—,,—,,—,,—,,1934,0.0685426708250638,—,,1981,0.0787110616656071,1828,0.0708170301785922,—,,1668,0.0685094672854972,1856,0.0689757692879441,1813,0.068093896713615
    Transportation,,—,,—,,—,,—,,—,,—,,—,,—,,—,,—,,—,,—,,—,,—,,—,,—,,—,,—,,—,,—,,—,,—,,—,,—,,—,,—,,—,,—,,—,,—,,—,,—,,1364,0.0483413666005103,—,,1597,0.0634535918626828,1406,0.0544686785728122,—,,1227,0.0503963527333963,1306,0.0485357514493831,1540,0.0578403755868545
Operating Income,,—,,4500,1.0,5246,1.0,5794,1.0,7338,1.0,4962,1.0,5720,1.0,5556,1.0,6975,1.0,6205,1.0,6041,1.0,5847,1.0,8340,1.0,5705,1.0,6910,1.0,4860,1.0,1562.001401,1.0,2415.000417,1.0,3307,1.0,2169,1.0,2816,1.0,3030,1.0,4473,1.0,3832,1.0,3794,1.0,4021,1.0,4708,1.0,3942,1.0,4364,1.0,3539,1.0,4017,1.0,3411,1.0,4695,1.0,2745,1.0,3841,1.0,3478,1.0,3828,1.0,3377,1.0,3013,1.0,3210,1.0
  Industrial Segment,,—,,—,,—,,—,,—,,—,,—,,—,,—,,—,,—,,—,,—,,—,,—,,—,,—,,—,,—,,—,,4152,0.933033707865169,3012,0.776288659793814,3619,0.813441222746685,3247,0.788489558037882,—,,2984,0.625052366987851,3506,0.684631907830502,3207,0.678586542530681,4358,0.72416085078099,3285,0.649594621316986,3750,0.638623978201635,3564,0.680282496659668,4887,0.703874405876422,2936,0.60374254575365,3839,0.610042904814874,3965,0.675698704839809,5480,0.923958860225932,3279,0.63868328788469,4166,0.806114551083591,4331,0.827158135981665
    Aviation,,—,,527,0.108771929824561,690,0.118781201583749,604,0.0608564231738035,752,0.106696935300795,645,0.118066996155958,728,0.112868217054264,706,0.109017912291538,758,0.0995926947838655,699,0.107159282538709,828,0.123563647216833,736,0.108330880188402,959,0.111797621823269,775,0.122898826514431,914,0.120500988793672,834,0.13817097415507,1161,0.180503731343284,1080,0.240802675585284,923,0.197813973424775,970,0.227113088269726,950,0.213483146067416,799,0.205927835051546,879,0.197572488199595,805,0.195483244293346,821,0.133887801696021,841,0.176162547130289,959,0.187268111696934,862,0.182395260262378,850,0.141242937853107,862,0.170456792564762,922,0.157016348773842,924,0.176369536171025,1039,0.149647126602333,936,0.192473781616286,1067,0.16955347211187,1091,0.185923653715065,1251,0.21092564491654,1115,0.217179587066615,1197,0.231617647058824,1264,0.241405653170359
    Power & Water,,—,,—,,—,,—,,—,,—,,—,,—,,—,,—,,—,,—,,—,,—,,—,,—,,—,,—,,—,,—,,—,,—,,—,,—,,—,,—,,—,,—,,1661,0.27600531738119,1188,0.234921890448883,1303,0.221900544959128,1184,0.2259973277343,1747,0.251620337030102,719,0.147851120707382,1087,0.172731606546957,1289,0.219665985003408,—,,888,0.172964550058434,1133,0.219233746130031,1191,0.22746371275783
    Healthcare,,—,,409,0.0844169246646027,672,0.115682561542434,589,0.0593450881612091,995,0.141174801362089,496,0.0907926047958997,795,0.123255813953488,700,0.108091414453366,1083,0.142294048088293,637,0.0976544534723287,692,0.10326816893001,692,0.101854577568443,1035,0.120657495919795,528,0.0837297811607992,747,0.0984838497033619,634,0.105036447978794,942,0.146455223880597,411,0.0916387959866221,590,0.126446635233605,508,0.118941699836104,911,0.204719101123596,497,0.128092783505155,661,0.148572712969207,581,0.14108790675085,1002,0.163405088062622,531,0.111227482195224,711,0.13884007029877,608,0.128650021159543,953,0.15835825855766,585,0.115681233933162,694,0.118188010899183,620,0.118343195266272,1021,0.14705458735417,595,0.122352457330866,726,0.115366279993644,665,0.11332651670075,1062,0.179059180576631,570,0.111024542267238,730,0.14125386996904,727,0.138846447669977
    Oil & Gas,,—,,27,0.00557275541795666,75,0.0129110001721467,107,0.0107808564231738,202,0.0286606129398411,55,0.010067728354384,108,0.0167441860465116,161,0.0248610253242742,221,0.0290369202470109,102,0.0156369768511421,189,0.0282047455603641,237,0.0348837209302326,332,0.0387036605269294,161,0.0255312400888043,255,0.033618984838497,305,0.0505301524188204,406,0.0631218905472637,179,0.0399108138238573,283,0.0606515216459494,338,0.0791383750878015,422,0.0948314606741573,191,0.0492268041237113,292,0.0656327264553832,287,0.0696940262263235,435,0.0709393346379648,306,0.0640971931294512,483,0.0943175161101348,453,0.095852729581041,567,0.0942173479561316,340,0.0672335376705557,466,0.0793596730245232,469,0.089520900935293,649,0.0934754428921216,325,0.0668311741723216,532,0.0845383759733037,519,0.0884458077709611,802,0.135221716405328,446,0.0868718348266459,665,0.128676470588235,660,0.126050420168067
    Transportation,,—,,82,0.0169246646026832,101,0.0173868135651575,161,0.0162216624685139,180,0.025539160045403,204,0.0373421197144426,165,0.0255813953488372,196,0.0302655960469426,209,0.027460254894232,214,0.0328069906484746,217,0.0323832263841218,253,0.037238740064763,252,0.0293774772674283,254,0.040279099270536,241,0.0317732366512854,255,0.0422465208747515,212,0.0329601990049751,217,0.0483835005574136,236,0.0505786540934419,177,0.041442285179115,-157,-0.0352808988764045,115,0.029639175257732,26,0.00584400988986289,101,0.0245264691597863,73,0.0119047619047619,157,0.0328864683703393,178,0.0347588361648116,196,0.0414727041895895,226,0.0375540046527085,232,0.0458770021752027,282,0.0480245231607629,265,0.0505821721702615,252,0.0362955494742907,267,0.0549043800123381,313,0.0497378039091054,306,0.0521472392638037,280,0.0472095767998651,202,0.0393455395403194,270,0.0522445820433437,342,0.0653170359052712
    Appliances & Lighting,,—,,—,,—,,—,,—,,—,,—,,—,,—,,—,,—,,—,,—,,—,,—,,—,,—,,—,,—,,—,,—,,—,,—,,—,,—,,—,,—,,—,,54,0.00897308075772682,—,,—,,—,,115,0.0165634451966009,79,0.0162451161834259,83,0.0131892579056094,77,0.0131220177232447,142,0.0239419996627887,53,0.010323334631866,102,0.0197368421052632,88,0.0168067226890756
    Energy Management,,—,,—,,—,,—,,—,,—,,—,,—,,—,,—,,—,,—,,—,,—,,—,,—,,—,,—,,—,,—,,—,,—,,—,,—,,—,,—,,—,,—,,47,0.00780990362246594,21,0.00415265967965197,4,0.000681198910081744,42,0.00801679709868296,64,0.00921791732680398,15,0.00308451573103023,31,0.00492610837438424,18,0.00306748466257669,46,0.00775585904569213,5,0.000973899493572263,69,0.0133513931888545,59,0.0112681436210848
    Power,,—,,—,,—,,—,,—,,—,,—,,—,,—,,—,,—,,—,,—,,—,,—,,—,,—,,—,,—,,—,,—,,—,,—,,—,,—,,—,,—,,—,,—,,—,,—,,—,,—,,—,,—,,—,,1897,0.319844882819086,—,,—,,—,
    Home & Business Solutions,,—,,—,,—,,—,,—,,—,,—,,—,,—,,—,,—,,—,,—,,—,,—,,—,,—,,45,0.0100334448160535,90,0.0192884697813973,104,0.0243502692577851,131,0.029438202247191,71,0.0182989690721649,143,0.0321420543942459,104,0.0252549781447305,139,0.0226679712981083,74,0.0155006284038542,106,0.0206990822105058,38,0.00804062632247144,—,,57,0.0112715048447696,79,0.0134536784741144,60,0.0114525672838328,—,,—,,—,,—,,—,,—,,—,,—,
    Energy Infrastructure,,—,,—,,—,,—,,—,,—,,—,,—,,—,,—,,—,,1055,0.155284074183103,1757,0.204826299836792,1070,0.169679670155408,1579,0.208174027686223,1414,0.234261100066269,2006,0.311878109452736,1318,0.293868450390189,1863,0.399271324474925,1649,0.386092250058534,2317,0.520674157303371,1530,0.394329896907216,1910,0.429309957293774,1656,0.40213695968917,2224,0.362687540769733,1381,0.289275240888144,1552,0.303065807459481,1503,0.318027930596699,—,,—,,—,,—,,—,,—,,—,,—,,—,,—,,—,,—,
      Energy,,—,,577,0.119091847265222,625,0.107591668101222,584,0.0588413098236776,879,0.124716231555051,436,0.0798096284092989,689,0.106821705426357,747,0.115348980852378,1029,0.135199054000788,689,0.105626245592519,895,0.133562154902253,818,0.12040035325287,1425,0.166122639309862,937,0.148588645734221,1346,0.177455504284773,1109,0.183730947647449,1641,0.255130597014925,1196,0.266666666666667,1614,0.345906558079726,1340,0.313743853898384,1895,0.425842696629213,1339,0.345103092783505,1661,0.373342324117779,1393,0.338271005342399,1842,0.300391389432485,1115,0.23355676581483,1117,0.218121460652216,1087,0.230004231908591,—,,—,,—,,—,,—,,—,,—,,—,,—,,—,,—,,—,
  Capital,,—,,—,,—,,—,,—,,—,,—,,—,,—,,—,,—,,3021,0.444657050338534,3163,0.368733970622523,2679,0.424833491912464,2903,0.382729070533949,2020,0.334658714380384,1030,0.160136815920398,1029,0.22943143812709,431,0.0923703386198028,141,0.0330133458206509,298,0.0669662921348315,868,0.223711340206186,830,0.186558777253315,871,0.211510441962118,1056,0.172211350293542,1790,0.374947633012149,1615,0.315368092169498,1519,0.321413457469319,1660,0.27583914921901,1772,0.350405378683014,2122,0.361376021798365,1675,0.319717503340332,2056,0.296125594123578,1927,0.39625745424635,2454,0.389957095185126,1903,0.324301295160191,451,0.0760411397740685,1855,0.36131671211531,1002,0.193885448916409,905,0.172841864018335
    Consumer,,—,,735,0.151702786377709,735,0.126527801687037,810,0.0816120906801008,770,0.109250851305335,836,0.153029470986637,880,0.136434108527132,916,0.141445336627548,898,0.117987123899619,1223,0.187490418519086,1158,0.172810028353977,947,0.139387695025022,963,0.112263930986244,991,0.157151918807485,1065,0.140408701384311,791,0.13104705102717,832,0.129353233830846,737,0.164325529542921,252,0.0540077153879126,443,0.103722781549988,225,0.050561797752809,569,0.146649484536082,649,0.145875477635424,773,0.187712481787275,574,0.0936073059360731,1241,0.259949727691663,1042,0.203475883616481,803,0.169911129919594,617,0.102525756065138,829,0.163931184496737,907,0.154461852861035,749,0.142966214926513,751,0.108166498631715,523,0.107546781821921,830,0.131892579056094,898,0.153033401499659,—,,786,0.15309700038956,472,0.0913312693498452,621,0.118601986249045
    GECAS,,—,,—,,—,,—,,—,,—,,—,,—,,—,,—,,—,,274,0.0403297026788343,251,0.0292608999766845,391,0.0620044402156676,279,0.0367831245880026,285,0.0472166998011928,239,0.037157960199005,261,0.0581939799331104,285,0.0610801543077583,187,0.0437836572231328,283,0.0635955056179775,317,0.081701030927835,288,0.0647336480107889,158,0.0383681398737251,432,0.0704500978473581,306,0.0640971931294512,321,0.0626830697129467,208,0.0440118493440542,315,0.0523429710867398,318,0.0628831322918726,308,0.0524523160762943,251,0.0479099064707005,343,0.0494022756733401,348,0.0715607649599013,304,0.0483076434133164,173,0.0294819359236537,71,0.0119709998313944,352,0.0685625243474873,343,0.0663699690402477,133,0.0254010695187166
    CCL,,—,,—,,—,,—,,—,,—,,—,,—,,—,,—,,—,,905,0.13320576979688,1168,0.136162275588715,688,0.109102442118617,908,0.119709953856295,394,0.0652750165672631,-200,-0.0310945273631841,238,0.0530657748049052,243,0.0520788684097728,130,0.0304378365722313,352,0.0791011235955056,232,0.0597938144329897,312,0.0701281186783547,443,0.107576493443419,567,0.0924657534246575,554,0.116045245077503,701,0.136887326694005,688,0.145577655522641,777,0.129112662013958,664,0.131303144156615,628,0.106948228882834,563,0.107463256346631,546,0.0786403571942964,398,0.0818424840633354,825,0.131098045447322,479,0.0816291751874574,263,0.0443432810655876,564,0.109855862874951,86,0.016640866873065,90,0.0171886936592819
    Energy Financial services (EFS),,—,,94,0.0194014447884417,179,0.03081425374419,177,0.0178337531486146,196,0.0278093076049943,117,0.0214168039538715,146,0.0226356589147287,234,0.0361334156886967,198,0.0260149783208514,101,0.0154836731565231,169,0.0252201164005372,255,0.0375331174565793,176,0.0205176031709023,133,0.0210910244211862,167,0.0220171390903098,306,0.0506958250497018,219,0.0340485074626866,75,0.0167224080267559,65,0.013930561508787,41,0.00959962538047296,31,0.00696629213483146,153,0.0394329896907216,126,0.0283209710047202,55,0.0133559980573094,33,0.00538160469667319,112,0.0234604105571848,139,0.0271431361062293,79,0.016716038933559,110,0.0182784978398139,71,0.0140399446312043,122,0.0207765667574932,132,0.0251956480244321,107,0.0154112055307504,83,0.0170676537117006,60,0.00953440330525981,150,0.0255623721881391,117,0.0197268588770865,153,0.0298013245033113,76,0.0147058823529412,61,0.0116501145912911
    Real Estate,,—,,310,0.0639834881320949,240,0.0413152005508693,343,0.03455919395466,389,0.0551929625425653,441,0.0807248764415156,334,0.0517829457364341,440,0.0679431747992588,626,0.0822493759032979,564,0.0864632837651387,476,0.07103417400388,640,0.0942007653812187,605,0.0705292608999767,476,0.0754836663495084,484,0.0638101516150297,244,0.0404241219350563,-60,-0.00932835820895522,-173,-0.0385730211817168,-237,-0.0507929704243463,-538,-0.125965815968157,-593,-0.133258426966292,-403,-0.103865979381443,-524,-0.117779276241852,-405,-0.0983487129674599,-409,-0.0666992824527071,-358,-0.0749895266024298,-335,-0.0654169107596173,-82,-0.0173508252221752,-153,-0.0254237288135593,56,0.0110737591457386,221,0.0376362397820163,217,0.0414201183431953,309,0.0445052570934754,690,0.14188772362739,435,0.0691244239631336,464,0.0790729379686435,—,,—,,—,,—,
  Adjustment,,—,,-20,,-249,,-4131,,368,,-144,,-343,,-549,,-126,,138,,-361,,-347,,199,,-6,,-19,,-1137,,-3468.998599,,-1652.999583,,-821,,-1291,,-573,,-746,,-240,,-426,,-115,,-3245,,271,,-81,,-275,,-457,,-384,,-810,,-957,,-1639,,-704,,-486,,-231,,-215,,-681,,-476,
  Corporate,,—,,-325,,-314,,—,,-78,,-357,,-387,,-371,,-510,,-456,,-299,,-600,,-437,,-595,,-656,,-39,,-1401,,-417,,-538,,-811,,-1061,,-104,,264,,140,,-2223,,2492,,-684,,-703,,-1379,,-1061,,-1471,,-1018,,-1291,,-479,,-1748,,-1904,,-1872,,-1542,,-1474,,-1550,
  Technology Infrastructure,,—,,—,,—,,—,,—,,—,,—,,—,,—,,—,,—,,1874,0.275831616131881,2481,0.289228258335276,1701,0.269743101807802,2056,0.271061305207647,1910,0.316434724983433,2495,0.387904228855721,1702,0.379487179487179,1743,0.373553364766395,1645,0.385155701240927,—,,—,,—,,—,,1883,0.307077625570776,—,,—,,—,,—,,—,,—,,—,,—,,—,,—,,—,,—,,—,,—,,—,
    Enterprise Solutions,,—,,—,,—,,—,,—,,—,,—,,238,0.0367510809141445,201,0.0264091446590461,134,0.0205426950789514,135,0.0201462468288315,193,0.0284074183102738,235,0.0273956633247843,154,0.0244211861718998,162,0.0213579433091628,187,0.0309807819748178,188,0.029228855721393,—,,—,,—,,—,,—,,—,,—,,—,,—,,—,,—,,—,,—,,—,,—,,—,,—,,—,,—,,—,,—,,—,,—,
  Industrial,,—,,526,0.108565531475748,635,0.109313134790842,629,0.063375314861461,769,0.10910896708286,600,0.109829763866008,729,0.113023255813953,692,0.106856084002471,463,0.0608330048613848,358,0.0548827226736164,444,0.066258767348157,—,,—,,—,,—,,—,,—,,—,,—,,—,,—,,—,,—,,—,,—,,—,,—,,—,,—,,—,,—,,—,,—,,—,,—,,—,,—,,—,,—,,—,
    Plastics,,—,,240,0.0495356037151703,208,0.0358065071440868,197,0.0198488664987406,222,0.0314982973893303,225,0.0411861614497529,183,0.0283720930232558,—,,—,,—,,—,,—,,—,,—,,—,,—,,—,,—,,—,,—,,—,,—,,—,,—,,—,,—,,—,,—,,—,,—,,—,,—,,—,,—,,—,,—,,—,,—,,—,,—,
    Equipment Services,,—,,10,0.00206398348813209,36,0.0061972800826304,66,0.00664987405541562,85,0.0120601589103292,16,0.00292879370309354,60,0.00930232558139535,—,,—,,—,,—,,—,,—,,—,,—,,—,,—,,—,,—,,—,,—,,—,,—,,—,,—,,—,,—,,—,,—,,—,,—,,—,,—,,—,,—,,—,,—,,—,,—,,—,
  Infrastructure,,—,,1540,0.317853457172343,1916,0.329833017731107,1880,0.189420654911839,2433,0.345204313280363,1703,0.311733479773018,2107,0.326666666666667,2336,0.360716491661519,2717,0.356983313625016,2193,0.336195002299555,2564,0.382629458289807,—,,—,,—,,—,,—,,—,,—,,—,,—,,—,,—,,—,,—,,—,,—,,—,,—,,—,,—,,—,,—,,—,,—,,—,,—,,—,,—,,—,,—,
    Aviation Financial Services,,—,,163,0.0336429308565531,185,0.0318471337579618,195,0.019647355163728,221,0.0313564131668558,206,0.0377082189273293,310,0.048062015503876,261,0.0403026559604694,331,0.0434896859808172,388,0.0594818335121876,266,0.0396955678256977,—,,—,,—,,—,,—,,—,,—,,—,,—,,—,,—,,—,,—,,—,,—,,—,,—,,—,,—,,—,,—,,—,,—,,—,,—,,—,,—,,—,,—,
  Consumer & Industrial,,—,,165,0.0340557275541796,227,0.0390772938543639,196,0.0197481108312343,283,0.0401532349602724,220,0.0402709134175361,318,0.0493023255813953,283,0.0436998147004324,261,0.0342924714229405,224,0.034340027594665,309,0.0461125205193255,255,0.0375331174565793,254,0.0296106318489158,144,0.0228353948620362,138,0.0181938035596572,47,0.00778661365142478,36,0.00559701492537313,—,,—,,—,,—,,—,,—,,—,,—,,—,,—,,—,,—,,—,,—,,—,,—,,—,,—,,—,,—,,—,,—,,—,
  Commercial Finance,,—,,926,0.191124871001032,872,0.150111895334825,5414,0.545491183879093,1280,0.18161180476731,1174,0.214900237964488,1057,0.163875968992248,1290,0.199197035206918,1609,0.211404546051767,1421,0.217844550053656,939,0.140128339053873,—,,—,,—,,—,,—,,—,,—,,—,,—,,—,,—,,—,,—,,—,,—,,—,,—,,—,,—,,—,,—,,—,,—,,—,,—,,—,,—,,—,,—,
    Capital Solutions,,—,,286,0.0590299277605779,325,0.0559476674126356,444,0.044735516372796,460,0.065266742338252,339,0.0620538165842943,433,0.0671317829457364,525,0.0810685608400247,472,0.062015503875969,395,0.0605549593745209,463,0.0690941650499925,—,,—,,—,,—,,—,,—,,—,,—,,—,,—,,—,,—,,—,,—,,—,,—,,—,,—,,—,,—,,—,,—,,—,,—,,—,,—,,—,,—,,—,
  NBC Universal,,—,,709,0.146336429308566,979,0.168531588913755,603,0.0607556675062972,801,0.113649262202043,654,0.119714442613948,882,0.136744186046512,542,0.0836936380481779,841,0.110497963473919,691,0.105932852981757,904,0.134905238024176,589,0.0866941418899029,923,0.107600839356493,712,0.11290834126229,909,0.119841793012525,645,0.106858846918489,865,0.134483830845771,391,0.0871794871794872,539,0.11551650235748,732,0.171388433622103,—,,—,,—,,—,,830,0.135355512067841,—,,—,,—,,—,,—,,—,,—,,—,,—,,—,,—,,—,,—,,—,,—,
Interest Expense,,—,,3795,1.0,7734,1.0,3847,1.0,4074,1.0,4491,1.0,9179,1.0,5309,1.0,5348,1.0,5778,1.0,5889,1.0,6253,1.0,6797,1.0,6778,1.0,6897,1.0,7248,1.0,0.000473,1.0,5497,1.0,—,,—,,—,,4281,1.0,4075,1.0,3966,1.0,4044,1.0,3939,1.0,3919,1.0,3912,1.0,3395,1.0,3511,1.0,3339,1.0,—,,3101,1.0,2706,1.0,2714,1.0,2562,1.0,2618,1.0,2252,1.0,1425,1.0,1438,1.0
  Capital,,—,,—,,—,,—,,—,,—,,—,,—,,—,,—,,—,,5780,0.924356308971694,6232,0.916875091952332,6176,0.911183239893774,6343,0.919675221110628,6723,0.927566225165563,0.000322,0.68076109936575,5121,0.931599054029471,—,,—,,—,,3938,0.919878533053025,3645,0.894478527607362,3573,0.900907715582451,3610,0.892680514342235,3584,0.90987560294491,3598,0.918091349834141,3556,0.908997955010225,3128,0.921354933726068,3196,0.910281970948448,2988,0.894878706199461,—,,2708,0.873266688165108,2382,0.880266075388027,2388,0.879882092851879,2224,0.868071818891491,2273,0.868220015278839,1887,0.837921847246892,1024,0.71859649122807,1061,0.737830319888734
  Industrial Segment,,—,,—,,—,,—,,—,,—,,—,,—,,—,,—,,—,,—,,—,,—,,—,,—,,—,,—,,—,,—,,—,,343,0.080121466946975,430,0.105521472392638,393,0.0990922844175492,434,0.107319485657765,355,0.0901243970550901,321,0.0819086501658586,356,0.0910020449897751,267,0.0786450662739323,315,0.0897180290515523,351,0.105121293800539,—,,393,0.126733311834892,324,0.119733924611973,326,0.120117907148121,338,0.131928181108509,345,0.131779984721161,365,0.162078152753108,401,0.28140350877193,377,0.262169680111266
  Industrial,,—,,381,0.100395256916996,717,0.0927075252133437,339,0.0881206134650377,376,0.092292587137948,384,0.0855043420173681,870,0.0947815666194574,507,0.0954982105857977,413,0.0772251308900524,533,0.0922464520595362,422,0.0716590253014094,—,,—,,—,,—,,—,,—,,—,,—,,—,,—,,—,,—,,—,,—,,—,,—,,—,,—,,—,,—,,—,,—,,—,,—,,—,,—,,—,,—,,—,
  Consumer & Industrial,,—,,—,,—,,—,,—,,—,,—,,—,,—,,—,,—,,473,0.0756436910283064,565,0.0831249080476681,602,0.088816760106226,554,0.0803247788893722,525,0.0724337748344371,0.000151,0.319238900634249,376,0.0684009459705294,—,,—,,—,,—,,—,,—,,—,,—,,—,,—,,—,,—,,—,,—,,—,,—,,—,,—,,—,,—,,—,,—,
  Commercial Finance,,—,,3414,0.899604743083004,7017,0.907292474786656,3508,0.911879386534962,3698,0.907707412862052,4107,0.914495657982632,8309,0.905218433380543,4802,0.904501789414202,4935,0.922774869109948,5245,0.907753547940464,5467,0.928340974698591,—,,—,,—,,—,,—,,—,,—,,—,,—,,—,,—,,—,,—,,—,,—,,—,,—,,—,,—,,—,,—,,—,,—,,—,,—,,—,,—,,—,,—,
Segment Profit to Sales (%),,—,,—,,—,,—,,—,,—,,—,,—,,—,,—,,—,,—,,—,,—,,—,,—,,—,,—,,—,,—,,—,,—,,—,,—,,—,,—,,—,,—,,—,,—,,—,,—,,—,,—,,—,,—,,—,,—,,—,,—,
  Corporate,,—,,—,,—,,—,,—,,-51,,-23,,—,,—,,-33,,-22,,-67,,17,,-26,,—,,94,,—,,4,,-15,,—,,-14,,29,,38,,42,,—,,—,,—,,—,,4,,—,,—,,—,,6,,55,,-28,,-87,,-58,,-13,,16,,19,
  Industrial Segment,,—,,—,,—,,—,,—,,—,,—,,—,,—,,—,,—,,—,,—,,—,,—,,—,,—,,—,,—,,—,,—,,—,,—,,—,,—,,—,,—,,—,,—,,10,,8,,11,,12,,-11,,2,,11,,12,,12,,9,,9,
    Oil & Gas,,—,,—,,—,,—,,64,,—,,44,,50,,11,,84,,76,,45,,50,,58,,35,,29,,22,,11,,11,,11,,4,,7,,3,,-15,,3,,4,,14,,11,,12,,31,,19,,18,,14,,-4,,14,,11,,24,,37,,25,,27,
    Aviation,,—,,—,,—,,—,,6,,22,,6,,17,,10,,17,,17,,7,,27,,11,,10,,13,,21,,39,,1,,16,,-18,,-26,,-5,,-17,,-14,,5,,9,,7,,4,,2,,-1,,7,,22,,9,,16,,18,,20,,19,,12,,16,
    Appliances & Lighting,,—,,—,,—,,—,,—,,—,,—,,—,,—,,—,,—,,—,,—,,—,,—,,—,,—,,—,,—,,—,,—,,—,,—,,—,,—,,—,,—,,—,,—,,—,,—,,—,,—,,—,,—,,—,,23,,-33,,23,,14,
    Transportation,,—,,—,,—,,—,,18,,—,,63,,22,,20,,3,,32,,29,,21,,19,,11,,1,,-16,,-15,,-2,,-31,,-51,,-47,,-89,,-43,,—,,37,,—,,94,,—,,48,,53,,35,,12,,15,,11,,15,,11,,-24,,-14,,12,
    Healthcare,,—,,—,,—,,—,,16,,21,,18,,19,,16,,5,,-8,,-1,,-4,,-17,,8,,-8,,-9,,-22,,-21,,-20,,-3,,21,,12,,14,,10,,7,,8,,5,,-5,,10,,3,,2,,7,,2,,5,,7,,4,,-4,,1,,9,
    Power & Water,,—,,—,,—,,—,,—,,—,,—,,—,,—,,—,,—,,—,,—,,—,,—,,—,,—,,—,,—,,—,,—,,—,,—,,—,,—,,—,,—,,—,,—,,—,,—,,—,,5,,-39,,-17,,9,,—,,24,,4,,-8,
    Home & Business Solutions,,—,,—,,—,,—,,—,,—,,—,,—,,—,,—,,—,,—,,—,,—,,—,,—,,—,,—,,—,,—,,—,,58,,59,,0,,6,,4,,-26,,-63,,—,,-11,,-13,,61,,—,,—,,—,,—,,—,,—,,—,,—,
    Energy Infrastructure,,—,,—,,—,,—,,—,,—,,—,,—,,—,,—,,—,,—,,—,,—,,—,,31,,11,,19,,13,,11,,9,,12,,3,,0,,-2,,-7,,-19,,-9,,—,,10,,12,,13,,—,,—,,—,,—,,—,,—,,—,,—,
      Energy,,—,,—,,—,,—,,10,,-24,,10,,28,,28,,41,,30,,8,,38,,32,,37,,36,,15,,23,,15,,11,,11,,12,,3,,4,,-3,,-9,,-24,,-12,,—,,6,,10,,11,,—,,—,,—,,—,,—,,—,,—,,—,
    Energy Management,,—,,—,,—,,—,,—,,—,,—,,—,,—,,—,,—,,—,,—,,—,,—,,—,,—,,—,,—,,—,,—,,—,,—,,—,,—,,—,,—,,—,,—,,—,,—,,—,,36,,-29,,—,,-57,,-28,,-67,,—,,—,
  Capital,,—,,—,,—,,—,,—,,—,,—,,—,,—,,—,,—,,—,,—,,—,,—,,-33,,-67,,-58,,-80,,-87,,-67,,-41,,93,,—,,—,,—,,—,,79,,58,,—,,15,,11,,9,,9,,-9,,13,,38,,0,,-5,,-22,
    CCL,,—,,—,,—,,—,,—,,—,,—,,—,,—,,—,,—,,—,,—,,—,,—,,-56,,—,,-68,,-28,,-65,,-45,,-3,,28,,—,,61,,—,,—,,55,,37,,24,,4,,-17,,-30,,-40,,31,,-15,,-52,,42,,-34,,29,
    GECAS,,—,,—,,—,,—,,—,,—,,—,,—,,—,,—,,—,,—,,—,,—,,—,,4,,-5,,-31,,3,,-33,,16,,21,,1,,-16,,53,,-3,,11,,32,,-27,,4,,0,,21,,9,,9,,-1,,-31,,-79,,1,,13,,-23,
    Consumer,,—,,—,,—,,—,,21,,14,,20,,13,,14,,2,,8,,13,,7,,-19,,-9,,-16,,-14,,-27,,-27,,-45,,-69,,-20,,—,,86,,—,,—,,57,,-5,,5,,-33,,-24,,-7,,22,,-37,,-9,,19,,—,,47,,-43,,-31,
    Energy Financial services (EFS),,—,,—,,—,,—,,—,,24,,-18,,32,,1,,-14,,16,,14,,-5,,44,,5,,20,,24,,-44,,-50,,-87,,-86,,—,,94,,34,,6,,-27,,10,,44,,—,,-37,,-23,,67,,-3,,17,,-51,,14,,9,,84,,27,,-59,
    Real Estate,,—,,—,,—,,—,,4,,42,,39,,28,,61,,28,,43,,45,,-3,,-16,,2,,-62,,—,,—,,-48,,—,,—,,—,,—,,25,,31,,11,,36,,80,,63,,—,,—,,—,,—,,—,,97,,—,,—,,-65,,-34,,-62,
  Technology Infrastructure,,—,,—,,—,,—,,—,,—,,—,,—,,—,,—,,—,,—,,—,,—,,—,,2,,1,,6,,-11,,-8,,-8,,-18,,-11,,-10,,11,,—,,—,,—,,—,,—,,—,,—,,—,,—,,—,,—,,—,,—,,—,,—,
    Enterprise Solutions,,—,,—,,—,,—,,—,,—,,—,,—,,—,,—,,—,,21,,17,,15,,20,,-3,,-20,,—,,—,,—,,2,,—,,—,,—,,—,,—,,—,,—,,—,,—,,—,,—,,—,,—,,—,,—,,—,,—,,—,,—,
  Industrial,,—,,—,,—,,—,,25,,14,,15,,10,,-12,,-20,,1,,6,,—,,-16,,—,,—,,—,,—,,—,,—,,—,,—,,—,,—,,—,,—,,—,,—,,—,,—,,—,,—,,—,,—,,—,,—,,—,,—,,—,,—,
    Plastics,,—,,—,,—,,—,,1,,-6,,-12,,—,,—,,-46,,—,,—,,—,,—,,—,,—,,—,,—,,—,,—,,—,,—,,—,,—,,—,,—,,—,,—,,—,,—,,—,,—,,—,,—,,—,,—,,—,,—,,—,,—,
    Equipment Services,,—,,—,,—,,—,,55,,60,,67,,—,,—,,19,,—,,—,,—,,—,,—,,—,,—,,—,,—,,—,,—,,—,,—,,—,,—,,—,,—,,—,,—,,—,,—,,—,,—,,—,,—,,—,,—,,—,,—,,—,
  Infrastructure,,—,,—,,—,,—,,16,,11,,10,,24,,19,,28,,23,,12,,—,,17,,—,,—,,—,,—,,—,,—,,—,,—,,—,,—,,—,,—,,—,,—,,—,,—,,—,,—,,—,,—,,—,,—,,—,,—,,—,,—,
    Aviation Financial Services,,—,,—,,—,,—,,32,,26,,68,,34,,50,,88,,-14,,-2,,—,,0,,—,,—,,—,,—,,—,,—,,—,,—,,—,,—,,—,,—,,—,,—,,—,,—,,—,,—,,—,,—,,—,,—,,—,,—,,—,,—,
  Consumer & Industrial,,—,,—,,—,,—,,42,,33,,40,,44,,13,,21,,14,,7,,0,,-34,,-55,,-82,,-86,,—,,—,,—,,10,,—,,—,,—,,—,,—,,—,,—,,—,,—,,—,,—,,—,,—,,—,,—,,—,,—,,—,,—,
  Commercial Finance,,—,,—,,—,,—,,18,,27,,21,,6,,18,,21,,18,,12,,—,,-20,,—,,—,,—,,—,,—,,—,,—,,—,,—,,—,,—,,—,,—,,—,,—,,—,,—,,—,,—,,—,,—,,—,,—,,—,,—,,—,
    Capital Solutions,,—,,—,,—,,—,,1,,19,,33,,18,,-7,,12,,5,,-19,,—,,1,,—,,—,,—,,—,,—,,—,,—,,—,,—,,—,,—,,—,,—,,—,,—,,—,,—,,—,,—,,—,,—,,—,,—,,—,,—,,—,
  NBC Universal,,—,,—,,—,,—,,-7,,-8,,-10,,-10,,5,,6,,2,,9,,10,,3,,1,,10,,-6,,-45,,-41,,13,,-28,,-49,,13,,-15,,38,,—,,—,,—,,—,,—,,—,,—,,—,,—,,—,,—,,—,,—,,—,,—,
Net Income,,—,,6233,1.0,13179,1.0,7286,1.0,6904,1.0,6838,1.0,14188,1.0,7378,1.0,9327,1.0,7594,1.0,7548,1.0,7426,1.0,10021,1.0,6699,1.0,7509,1.0,6152,1.0,0.003722,1.0,3729000,1.0,—,,—,,—,,2022,1.0,3668,1.0,1708,1.0,6101,1.0,5183,1.0,5499,1.0,3798,1.0,5150,1.0,4609,1.0,4674,1.0,5059,1.0,5391,1.0,5345,1.0,4799,1.0,5003,1.0,3816,1.0,-12800,,5212,1.0,5086,1.0
  Industrial Segment,,—,,—,,—,,—,,—,,—,,—,,—,,—,,—,,—,,—,,—,,—,,—,,—,,—,,—,,—,,—,,—,,1870,0.924826904055391,3034,0.827153762268266,1980,1.15925058548009,4460,0.731027700376987,3358,0.647887323943662,3689,0.67084924531733,2343,0.616903633491311,3730,0.724271844660194,3034,0.658277283575613,3105,0.664313222079589,3491,0.690057323581736,4011,0.744017807456873,3527,0.659869036482694,3133,0.652844342571369,3191,0.637817309614231,3206,0.840146750524109,-14745,1.151953125,3545,0.680161166538757,3537,0.695438458513567
  Capital,,—,,—,,—,,—,,—,,—,,—,,—,,—,,—,,—,,1867,0.251413950983033,3325,0.33180321325217,2395,0.35751604717122,2437,0.324543880676522,1840,0.299089726918075,0.0016,0.429876410531972,975000,0.261464199517297,—,,—,,—,,152,0.0751730959446093,634,0.172846237731734,-272,-0.159250585480094,1641,0.268972299623013,1825,0.352112676056338,1810,0.32915075468267,1455,0.383096366508689,1420,0.275728155339806,1575,0.341722716424387,1569,0.335686777920411,1568,0.309942676418265,1380,0.255982192543127,1818,0.340130963517306,1666,0.347155657428631,1812,0.362182690385769,610,0.159853249475891,1945,-0.151953125,1667,0.319838833461243,1549,0.304561541486433
  Industrial,,—,,3965,0.636130274346222,8612,0.653463843994233,4677,0.641916003293989,3422,0.495654692931634,4305,0.629570049722141,9157,0.645404567239921,4866,0.659528327460016,6441,0.690575747828884,4571,0.601922570450356,5382,0.713036565977742,—,,—,,—,,—,,—,,—,,—,,—,,—,,—,,—,,—,,—,,—,,—,,—,,—,,—,,—,,—,,—,,—,,—,,—,,—,,—,,—,,—,,—,
  Consumer & Industrial,,—,,—,,—,,—,,—,,—,,—,,—,,—,,—,,—,,5559,0.748586049016967,6696,0.668196786747829,4304,0.64248395282878,5072,0.675456119323478,4312,0.700910273081925,0.002122,0.570123589468028,2754000,0.738535800482703,—,,—,,—,,—,,—,,—,,—,,—,,—,,—,,—,,—,,—,,—,,—,,—,,—,,—,,—,,—,,—,,—,
  Commercial Finance,,—,,2268,0.363869725653778,4567,0.346536156005767,2609,0.358083996706012,3482,0.504345307068366,2533,0.370429950277859,5031,0.354595432760079,2512,0.340471672539984,2886,0.309424252171116,3023,0.398077429549644,2166,0.286963434022258,—,,—,,—,,—,,—,,—,,—,,—,,—,,—,,—,,—,,—,,—,,—,,—,,—,,—,,—,,—,,—,,—,,—,,—,,—,,—,,—,,—,,—,
Revenue Growth %,,—,,—,,—,,—,,—,,—,,—,,—,,—,,—,,—,,—,,—,,—,,—,,—,,—,,—,,—,,—,,—,,—,,—,,—,,—,,—,,—,,—,,—,,—,,—,,—,,—,,—,,—,,—,,—,,—,,—,,—,
  Industrial Segment,,—,,—,,—,,—,,—,,—,,—,,—,,—,,—,,—,,—,,—,,—,,—,,—,,—,,—,,—,,—,,—,,—,,—,,—,,—,,—,,9,,—,,—,,14,,—,,6,,4,,-6,,-1,,3,,6,,8,,7,,3,
    Transportation,,—,,10,,9,,—,,16,,35,,12,,12,,11,,10,,11,,9,,5,,2,,9,,13,,19.6,,2,,-11,,-23,,—,,-35,,-34,,-10,,66,,18,,74,,48,,43,,41,,—,,9,,-7,,12,,2,,0,,7,,-14,,-18,,10,
    Oil & Gas,,—,,—,,—,,—,,31,,20,,43,,14,,12,,48,,67,,64,,52,,34,,4,,11,,-3.9,,1,,3,,3,,—,,3,,-9,,-9,,5,,12,,39,,42,,38,,34,,—,,4,,11,,0,,9,,18,,17,,27,,20,,7,
    Aviation,,—,,—,,—,,—,,5,,17,,11,,5,,10,,16,,25,,35,,41,,25,,21,,14,,2.1,,12,,-6,,-6,,—,,-14,,-8,,-3,,1,,5,,11,,10,,2,,12,,—,,1,,11,,4,,9,,12,,13,,14,,15,,6,
    Healthcare,,—,,33,,12,,7,,5,,10,,10,,9,,8,,0,,-1,,4,,6,,0,,11,,3,,-3.4,,-9,,-12,,-9,,—,,5,,3,,4,,8,,10,,10,,9,,1,,5,,—,,-1,,0,,0,,0,,0,,-1,,-2,,0,,4,
    Appliances & Lighting,,—,,—,,—,,—,,—,,—,,—,,—,,—,,—,,—,,—,,—,,—,,—,,—,,—,,—,,—,,—,,—,,—,,—,,—,,—,,—,,—,,—,,—,,—,,—,,—,,—,,0,,—,,—,,6,,-3,,0,,1,
    Energy Management,,—,,—,,—,,—,,—,,—,,—,,—,,—,,—,,—,,—,,—,,—,,—,,—,,—,,—,,—,,—,,—,,—,,—,,—,,—,,—,,—,,—,,—,,—,,—,,—,,-1,,2,,6,,-3,,4,,-4,,-6,,-1,
    Power & Water,,—,,—,,—,,—,,—,,—,,—,,—,,—,,—,,—,,—,,—,,—,,—,,—,,—,,—,,—,,—,,—,,—,,—,,—,,—,,—,,—,,—,,—,,—,,—,,—,,2,,-26,,-17,,-10,,—,,14,,10,,-2,
    Home & Business Solutions,,—,,—,,—,,—,,—,,—,,—,,—,,—,,—,,—,,—,,—,,—,,—,,—,,—,,—,,—,,—,,—,,1,,4,,-1,,5,,3,,-4,,-1,,—,,5,,—,,1,,—,,—,,—,,—,,—,,—,,—,,—,
    Energy Infrastructure,,—,,—,,—,,—,,—,,—,,—,,—,,—,,—,,—,,—,,—,,—,,—,,32,,20.9,,7,,-1,,-9,,—,,-5,,-9,,-14,,-3,,9,,9,,30,,—,,18,,—,,12,,—,,—,,—,,—,,—,,—,,—,,—,
      Energy,,—,,16,,10,,—,,14,,-3,,14,,37,,16,,15,,16,,3,,24,,21,,35,,38,,38,,9,,-1,,-11,,—,,-7,,-8,,-15,,-5,,9,,1,,25,,—,,13,,—,,17,,—,,—,,—,,—,,—,,—,,—,,—,
  Capital,,—,,—,,—,,—,,—,,—,,—,,—,,—,,—,,—,,—,,—,,—,,—,,2,,-17.3,,-23,,-29,,-30,,-15,,-10,,-3,,-3,,-4,,3,,-1,,0,,-9,,-12,,—,,-5,,2,,2,,-3,,-5,,-5,,-8,,-6,,-1,
    Real Estate,,—,,—,,—,,—,,-7,,20,,41,,30,,90,,50,,49,,46,,22,,17,,26,,-13,,-41.4,,-48,,-48,,-42,,-7,,-3,,-2,,-3,,-18,,-4,,0,,-2,,3,,-8,,—,,1,,13,,98,,0,,-27,,—,,-62,,-24,,1,
    CCL,,—,,—,,—,,—,,—,,—,,—,,—,,—,,—,,—,,—,,—,,—,,—,,-5,,-17,,-16,,-28,,-28,,-19,,-19,,-15,,-4,,-5,,0,,4,,-1,,-8,,-4,,—,,-9,,-6,,-19,,-3,,-9,,-20,,2,,-8,,0,
    Consumer,,—,,31,,29,,22,,14,,9,,7,,14,,19,,14,,17,,23,,22,,7,,6,,6,,-15,,-26,,-27,,-26,,-15,,5,,0,,-5,,4,,8,,-3,,-2,,-14,,-20,,—,,-3,,6,,0,,-3,,-4,,—,,-6,,-1,,-2,
    GECAS,,—,,—,,—,,—,,—,,—,,—,,—,,—,,—,,—,,—,,—,,—,,—,,4,,2.7,,-10,,3,,-9,,1,,12,,8,,17,,9,,7,,5,,-4,,3,,0,,—,,-1,,4,,4,,-3,,5,,-2,,-2,,5,,-4,
    Energy Financial services (EFS),,—,,—,,—,,—,,80,,32,,-5,,38,,32,,8,,15,,59,,75,,—,,137,,52,,-17.4,,-16,,-50,,-62,,-27,,23,,21,,-40,,-44,,-56,,-39,,-24,,4,,-31,,—,,81,,45,,44,,-32,,9,,5,,37,,1,,-21,
  Corporate,,—,,-24,,—,,—,,-36,,30,,67,,—,,11,,54,,68,,-13,,49,,-51,,-72,,-3,,-64,,44,,-74,,—,,42,,15,,1,,1,,-41,,6,,-77,,-82,,-91,,4,,—,,—,,12,,—,,—,,—,,3,,—,,10,,-19,
  Technology Infrastructure,,—,,—,,—,,—,,—,,—,,—,,—,,—,,—,,—,,—,,—,,—,,—,,9,,—,,0,,-11,,-11,,—,,-9,,-6,,-1,,9,,—,,—,,—,,—,,—,,—,,—,,—,,—,,—,,—,,—,,—,,—,,—,
  Industrial,,—,,—,,—,,8,,1,,6,,6,,3,,-5,,-9,,-4,,0,,—,,1,,—,,—,,—,,—,,—,,—,,—,,—,,—,,—,,—,,—,,—,,—,,—,,—,,—,,—,,—,,—,,—,,—,,—,,—,,—,,—,
    Plastics,,—,,—,,—,,—,,-3,,0,,3,,—,,—,,-3,,—,,—,,—,,—,,—,,—,,—,,—,,—,,—,,—,,—,,—,,—,,—,,—,,—,,—,,—,,—,,—,,—,,—,,—,,—,,—,,—,,—,,—,,—,
    Equipment Services,,—,,—,,—,,—,,-2,,4,,9,,—,,—,,7,,—,,—,,—,,—,,—,,—,,—,,—,,—,,—,,—,,—,,—,,—,,—,,—,,—,,—,,—,,—,,—,,—,,—,,—,,—,,—,,—,,—,,—,,—,
  Infrastructure,,—,,24,,43,,12,,11,,8,,11,,20,,15,,18,,23,,19,,—,,23,,—,,—,,—,,—,,—,,—,,—,,—,,—,,—,,—,,—,,—,,—,,—,,—,,—,,—,,—,,—,,—,,—,,—,,—,,—,,—,
    Aviation Financial Services,,—,,—,,—,,—,,3,,14,,20,,12,,31,,34,,11,,5,,—,,-1,,—,,—,,—,,—,,—,,—,,—,,—,,—,,—,,—,,—,,—,,—,,—,,—,,—,,—,,—,,—,,—,,—,,—,,—,,—,,—,
  Advanced Materials,,—,,18,,—,,—,,—,,—,,—,,—,,—,,—,,—,,—,,—,,—,,—,,—,,—,,—,,—,,—,,—,,—,,—,,—,,—,,—,,—,,—,,—,,—,,—,,—,,—,,—,,—,,—,,—,,—,,—,,—,
  Consumer & Industrial,,—,,5,,2,,—,,-1,,8,,8,,0,,-11,,-9,,-6,,-3,,9,,-1,,-3,,-6,,-17,,—,,—,,—,,—,,—,,—,,—,,—,,—,,—,,—,,—,,—,,—,,—,,—,,—,,—,,—,,—,,—,,—,,—,
  Equipment & Other Services,,—,,0,,—,,—,,—,,—,,—,,—,,—,,—,,—,,—,,—,,—,,—,,—,,—,,—,,—,,—,,—,,—,,—,,—,,—,,—,,—,,—,,—,,—,,—,,—,,—,,—,,—,,—,,—,,—,,—,,—,
  Insurance,,—,,6,,—,,—,,—,,—,,—,,—,,—,,—,,—,,—,,—,,—,,—,,—,,—,,—,,—,,—,,—,,—,,—,,—,,—,,—,,—,,—,,—,,—,,—,,—,,—,,—,,—,,—,,—,,—,,—,,—,
  Commercial Finance,,—,,12,,6,,16,,-3,,8,,12,,11,,30,,15,,15,,17,,—,,7,,—,,—,,—,,—,,—,,—,,—,,—,,—,,—,,—,,—,,—,,—,,—,,—,,—,,—,,—,,—,,—,,—,,—,,—,,—,,—,
    Capital Solutions,,—,,—,,—,,—,,-7,,-2,,7,,9,,17,,3,,1,,2,,—,,8,,—,,—,,—,,—,,—,,—,,—,,—,,—,,—,,—,,—,,—,,—,,—,,—,,—,,—,,—,,—,,—,,—,,—,,—,,—,,—,
  Enterprise Solutions,,—,,—,,—,,—,,—,,—,,—,,—,,—,,—,,—,,3,,15,,8,,20,,5,,-7,,—,,—,,—,,—,,—,,—,,—,,—,,—,,—,,—,,—,,—,,—,,—,,—,,—,,—,,—,,—,,—,,—,,—,
  NBC Universal,,—,,—,,35,,-26,,-3,,24,,0,,20,,1,,-22,,-6,,3,,8,,3,,7,,35,,-2.7,,-2,,-8,,-20,,—,,23,,5,,0,,12,,—,,—,,—,,—,,—,,—,,—,,—,,—,,—,,—,,—,,—,,—,,—,
Organic Growth,,—,,—,,—,,—,,—,,—,,—,,—,,—,,—,,—,,—,,—,,—,,—,,—,,—,,—,,—,,—,,—,,—,,—,,—,,—,,—,,—,,—,,—,,—,,—,,—,,—,,—,,—,,—,,—,,—,,—,,—,
  Industrial Segment,,—,,—,,—,,—,,—,,—,,—,,—,,—,,—,,—,,—,,—,,—,,—,,—,,—,,—,,—,,—,,—,,—,,—,,—,,—,,—,,—,,—,,—,,—,,—,,—,,—,,—,,—,,—,,—,,8,,7,,3,
Restructuring Charges,,—,,—,,—,,—,,—,,—,,—,,—,,—,,—,,—,,—,,—,,—,,—,,—,,—,,—,,—,,—,,1500,1.0,—,,—,,—,,—,,—,,—,,—,,—,,—,,—,,—,,—,,—,,—,,—,,—,,—,,—,,—,
  Home & Business Solutions,,—,,—,,—,,—,,—,,—,,—,,—,,—,,—,,—,,—,,—,,—,,—,,—,,—,,—,,—,,—,,200,0.133333333333333,—,,—,,—,,—,,—,,—,,—,,—,,—,,—,,—,,—,,—,,—,,—,,—,,—,,—,,—,
  Technology Infrastructure,,—,,—,,—,,—,,—,,—,,—,,—,,—,,—,,—,,—,,—,,—,,—,,—,,—,,—,,—,,—,,300,0.2,—,,—,,—,,—,,—,,—,,—,,—,,—,,—,,—,,—,,—,,—,,—,,—,,—,,—,,—,
  Energy Infrastructure,,—,,—,,—,,—,,—,,—,,—,,—,,—,,—,,—,,—,,—,,—,,—,,—,,—,,—,,—,,—,,300,0.2,—,,—,,—,,—,,—,,—,,—,,—,,—,,—,,—,,—,,—,,—,,—,,—,,—,,—,,—,
  NBC Universal,,—,,—,,—,,—,,—,,—,,—,,—,,—,,—,,—,,—,,—,,—,,—,,—,,—,,—,,—,,—,,300,0.2,—,,—,,—,,—,,—,,—,,—,,—,,—,,—,,—,,—,,—,,—,,—,,—,,—,,—,,—,
  Capital,,—,,—,,—,,—,,—,,—,,—,,—,,—,,—,,—,,—,,—,,—,,—,,—,,—,,—,,—,,—,,400,0.266666666666667,—,,—,,—,,—,,—,,—,,—,,—,,—,,—,,—,,—,,—,,—,,—,,—,,—,,—,,—,
Goodwill,,—,,73531,1.0,72645,1.0,71254,1.0,69611,1.0,71002,1.0,72468,1.0,72472,1.0,71399,1.0,75752,1.0,77705,1.0,79093,1.0,81116,1.0,83132,1.0,45162,1.0,83061,1.0,81759,1.0,79867000,1.0,83015,1.0,84061,1.0,65076,1.0,64910,1.0,63094,1.0,64128,1.0,64388,1.0,67920,1.0,70536,1.0,73291,1.0,72625,1.0,72959,1.0,72401,1.0,—,,73114,1.0,72737,1.0,73088,1.0,78024,1.0,77648,1.0,79129,1.0,79017,1.0,77859,1.0
  Industrial Segment,,—,,—,,—,,—,,—,,—,,—,,—,,—,,—,,—,,—,,—,,—,,—,,—,,—,,—,,—,,—,,—,,—,,—,,—,,—,,40161,0.591298586572438,42363,0.600586934331405,45565,0.621699799429671,45395,0.625060240963855,45633,0.62546087528612,45329,0.626082512672477,—,,46143,0.63111032086878,45837,0.63021778584392,46266,0.633052378085491,51324,0.657831325301205,51450,0.662631206130466,52790,0.667163764123044,52933,0.670207647505698,52159,0.670208801798908
    Healthcare,,—,,13482,0.183351239613224,13419,0.184720214742928,13402,0.18808768630533,13404,0.192555774231084,14489,0.204064674234529,14521,0.200378097919082,14830,0.204630753946352,14848,0.207958094651186,14742,0.194608723202028,14769,0.190064989382923,14770,0.186742189574299,—,,14916,0.179425491988645,15460,0.342323192064125,—,,—,,—,,—,,—,,—,,—,,—,,—,,16338,0.253742933465863,16394,0.241372202591284,16532,0.23437677214472,16526,0.225484711628986,16631,0.228998278829604,16638,0.228045888786853,16677,0.230342122346376,—,,16762,0.229258418360369,16713,0.229788813727108,16765,0.229393574516994,16772,0.21497052037939,16643,0.214347350119132,17686,0.223516922376968,17656,0.223550265890099,17590,0.22601991647928
    Oil & Gas,,—,,—,,—,,—,,—,,—,,—,,—,,—,,—,,—,,—,,—,,—,,—,,—,,—,,—,,—,,—,,—,,—,,—,,—,,—,,—,,—,,—,,8233,0.113363166953528,—,,—,,—,,8365,0.11441037284241,8302,0.114145080569763,8504,0.116359257840293,10530,0.134965393488849,10516,0.135436924463906,10567,0.133546495462933,10845,0.137313243859205,10745,0.138066174108577
    Aviation,,—,,—,,—,,—,,—,,—,,—,,—,,—,,—,,—,,—,,—,,—,,—,,—,,—,,—,,—,,—,,—,,—,,—,,—,,6073,0.0943188171709014,6062,0.0892520612485277,6003,0.0851054780537598,5996,0.0818108635439549,5996,0.0825611015490534,5944,0.081470414890555,5942,0.0820706896313587,—,,5975,0.0817216948874361,5947,0.0817659352142111,5935,0.0812079251272508,8993,0.115265316585491,9103,0.117238714662889,9271,0.117167555544322,9195,0.116421878956698,9084,0.116723417924831
    Power & Water,,—,,—,,—,,—,,—,,—,,—,,—,,—,,—,,—,,—,,—,,—,,—,,—,,—,,—,,—,,—,,—,,—,,—,,—,,—,,—,,—,,—,,8769,0.120743545611015,—,,—,,—,,8821,0.120647208468966,8796,0.120937139085959,8818,0.120655683870615,8818,0.113022301973853,—,,8856,0.111922756110507,8847,0.11201570017726,8817,0.113292643752008
    Energy Management,,—,,—,,—,,—,,—,,—,,—,,—,,—,,—,,—,,—,,—,,—,,—,,—,,—,,—,,—,,—,,—,,—,,—,,—,,—,,—,,—,,—,,4621,0.0636282271944923,—,,—,,—,,4610,0.0630522198211013,4480,0.0615959962602431,4586,0.0627497126594056,4583,0.0587413483722123,4748,0.0611501062528173,4823,0.060953416070571,4792,0.0606735882501899,4714,0.0605717956954706
    Transportation,,—,,3262,0.0443622417755777,3231,0.044476564113153,—,,—,,—,,—,,—,,—,,—,,—,,—,,—,,—,,—,,—,,—,,—,,—,,—,,—,,—,,—,,—,,554,0.00860408771820836,554,0.00815665488810365,552,0.0078257910854032,551,0.00751797628631073,551,0.00758691910499139,689,0.00944366013788566,687,0.00948881921520421,—,,999,0.0136635938397571,997,0.0137078589891657,1050,0.0143670297192272,1021,0.0130863881056139,1012,0.0130336789233048,981,0.0123979475772818,991,0.0125474803747784,979,0.0125795053003534
    Appliances & Lighting,,—,,—,,—,,—,,—,,—,,—,,—,,—,,—,,—,,—,,—,,—,,—,,—,,—,,—,,—,,—,,—,,—,,—,,—,,—,,—,,—,,—,,594,0.0081790017211704,—,,—,,—,,611,0.00835681264874032,602,0.00827696199747016,—,,607,0.00778005639579595,606,0.00780475239873785,606,0.00765867098046154,607,0.00768548999746771,230,0.00295534853838741
    Power,,—,,—,,—,,—,,—,,—,,—,,—,,—,,—,,—,,—,,—,,—,,—,,—,,—,,—,,—,,—,,—,,—,,—,,—,,—,,—,,—,,—,,—,,—,,—,,—,,—,,—,,—,,—,,8822,0.113619679309679,—,,—,,—,
    Home & Business Solutions,,—,,—,,—,,—,,—,,—,,—,,—,,—,,—,,—,,—,,—,,—,,—,,—,,—,,—,,—,,—,,1188,0.0182555780933063,1014,0.0156216299491604,1011,0.0160237106539449,1017,0.0158589071856287,1022,0.0158725228303411,1114,0.0164016489988221,1133,0.0160627197459453,1143,0.0155953664160675,—,,1133,0.0155292698638962,1126,0.0155522713774672,—,,—,,—,,—,,—,,—,,—,,—,,—,
    Energy Infrastructure,,—,,—,,—,,—,,—,,—,,—,,—,,—,,—,,—,,—,,9960,0.122787119680458,—,,—,,10466,0.126003780354198,9943,0.121613522670287,9562000,0.119724041218526,9975,0.1201590074083,10147,0.120709960623833,12777,0.196339664392403,12768,0.196703127407179,12437,0.19711858496846,12729,0.198493637724551,12893,0.200239175001553,16037,0.236116018845701,18143,0.257216173301576,21349,0.291290881554352,—,,21229,0.29097164160693,20897,0.28862861010207,—,,—,,—,,—,,—,,—,,—,,—,,—,
  Capital,,—,,—,,—,,—,,—,,—,,—,,—,,—,,—,,—,,—,,25427,0.313464667883032,—,,—,,26319,0.316863509950518,25365,0.310241074377133,24437000,0.305971177081899,27315,0.329036921038367,28184,0.335280332139756,28463,0.437380908476243,28499,0.439054074872901,27143,0.430199385044537,27828,0.433944610778443,27508,0.427222463813133,27759,0.408701413427562,28173,0.399413065668595,27726,0.378300200570329,27230,0.374939759036145,27326,0.37453912471388,27072,0.373917487327523,—,,26971,0.36888967913122,26895,0.36978221415608,26818,0.366947621914509,26696,0.342168674698795,26195,0.337368793869534,26336,0.332836235876956,26047,0.329792352494302,25666,0.329791198201092
  Corporate,,—,,—,,—,,—,,—,,—,,—,,—,,—,,—,,—,,—,,—,,—,,—,,—,,—,,—,,—,,—,,0,,—,,—,,—,,0,,—,,—,,—,,—,,—,,—,,—,,0,,5,,4,,4,,3,,3,,37,,34,
  Technology Infrastructure,,—,,—,,—,,—,,—,,—,,—,,—,,—,,—,,—,,—,,26130,0.322131268800237,—,,—,,26469,0.31866941163723,26684,0.326373854866131,26897000,0.336772384088547,26748,0.322206830090947,26733,0.318019057589132,22648,0.348023849038048,22629,0.34862116777076,22503,0.356658319333059,22554,0.351702844311377,22965,0.356665838354973,—,,—,,—,,—,,—,,—,,—,,—,,—,,—,,—,,—,,—,,—,,—,
  Industrial,,—,,—,,—,,8847,0.12416145058523,8702,0.125008978466047,8804,0.123996507140644,9072,0.125186289120715,8144,0.112374434264268,5030,0.0704491659547053,8273,0.109211637976555,6309,0.0811916865066598,6765,0.0855322215619587,—,,5603,0.0673988355867777,—,,—,,—,,—,,—,,—,,—,,—,,—,,—,,—,,—,,—,,—,,—,,—,,—,,—,,—,,—,,—,,—,,—,,—,,—,,—,
  Infrastructure,,—,,5970,0.0811902462906801,6083,0.0837359763232156,10147,0.142406040362646,10166,0.146040137334617,10315,0.145277597814146,10869,0.149983440967048,10933,0.15085826250138,10931,0.153097382316279,12257,0.161804308797127,15755,0.202754005533749,16305,0.206149722478601,—,,17565,0.211290477794351,—,,—,,—,,—,,—,,—,,—,,—,,—,,—,,—,,—,,—,,—,,—,,—,,—,,—,,—,,—,,—,,—,,—,,—,,—,,—,
  Energy,,—,,4579,0.0622730549020141,4400,0.0605685181361415,—,,—,,—,,—,,—,,—,,—,,—,,—,,—,,—,,—,,—,,—,,—,,—,,—,,—,,—,,—,,—,,—,,—,,—,,—,,—,,—,,—,,—,,—,,—,,—,,—,,—,,—,,—,,—,
  Consumer,,—,,9801,0.133290720920428,9312,0.128185009291761,9340,0.13108036040082,9184,0.131933171481519,9155,0.128940029858314,9397,0.129671027212011,9573,0.132092394304007,9845,0.137887085253295,9845,0.129963565318407,9877,0.1271089376488,10160,0.128456374141833,—,,10690,0.128590675070971,10846,0.240157654665427,—,,—,,—,,—,,—,,—,,—,,—,,—,,—,,—,,—,,—,,—,,—,,—,,—,,—,,—,,—,,—,,—,,—,,—,,—,
  Advanced Materials,,—,,2838,0.0385959663271273,2783,0.0383095877211095,—,,—,,—,,—,,—,,—,,—,,—,,—,,—,,—,,—,,—,,—,,—,,—,,—,,—,,—,,—,,—,,—,,—,,—,,—,,—,,—,,—,,—,,—,,—,,—,,—,,—,,—,,—,,—,
  Consumer & Industrial,,—,,781,0.0106213705783955,746,0.0102691169385367,—,,—,,—,,—,,—,,—,,—,,—,,—,,866,0.0106760688396864,—,,—,,826,0.00994449862149505,794,0.00971146907374112,—,,—,,—,,—,,—,,—,,—,,—,,—,,—,,—,,—,,—,,—,,—,,—,,—,,—,,—,,—,,—,,—,,—,
  Equipment & Other Services,,—,,1464,0.0199099699446492,1413,0.0194507536650836,—,,—,,—,,—,,—,,—,,—,,—,,—,,—,,—,,—,,—,,—,,—,,—,,—,,—,,—,,—,,—,,—,,—,,—,,—,,—,,—,,—,,—,,—,,—,,—,,—,,—,,—,,—,,—,
  Insurance,,—,,3763,0.0511756946049965,3556,0.0489503751118453,—,,—,,—,,—,,—,,—,,—,,—,,—,,—,,—,,—,,—,,—,,—,,—,,—,,—,,—,,—,,—,,—,,—,,—,,—,,—,,—,,—,,—,,—,,—,,—,,—,,—,,—,,—,,—,
  Commercial Finance,,—,,10468,0.14236172498674,10491,0.144414619037786,12303,0.172663990793499,10621,0.152576460616857,10695,0.150629559730712,10693,0.147554782800684,11062,0.152638260293631,12745,0.178503900614855,12613,0.166503854683705,13062,0.168097291036613,13150,0.16625997243751,—,,15609,0.187761632103161,—,,—,,—,,—,,—,,—,,—,,—,,—,,—,,—,,—,,—,,—,,—,,—,,—,,—,,—,,—,,—,,—,,—,,—,,—,,—,
  NBC Universal,,—,,17123,0.232867770056167,17211,0.236919264918439,17215,0.241600471552474,17534,0.251885477869877,17544,0.247091631221656,17916,0.24722636198046,17930,0.247405894690363,18000,0.252104371209681,18022,0.237907910022178,17933,0.230783089891255,17943,0.226859519805798,18733,0.230940874796588,18749,0.225532887456094,18856,0.417519153270449,18981,0.228518799436559,18973,0.232060079012708,18971000,0.237532397611028,18977,0.228597241462386,18997,0.22599064964728,0,,—,,—,,—,,—,,—,,—,,—,,—,,—,,—,,—,,—,,—,,—,,—,,—,,—,,—,,—,
Assets,,—,,—,,—,,—,,673321,1.0,—,,—,,—,,696683,1.0,—,,—,,—,,795683,1.0,—,,—,,—,,797769,1.0,—,,—,,—,,781949,1.0,—,,—,,—,,748491,1.0,—,,—,,—,,718296,1.0,—,,—,,—,,684999,1.0,—,,—,,—,,656560,1.0,—,,—,,—,
  Adjustment,,—,,—,,—,,—,,—,,—,,—,,—,,—,,—,,—,,—,,—,,—,,—,,—,,—,,—,,—,,—,,—,,—,,—,,—,,—,,—,,—,,—,,—,,—,,—,,—,,—,,—,,—,,—,,-6687,,—,,—,,—,
  Industrial Segment,,—,,—,,—,,—,,—,,—,,—,,—,,—,,—,,—,,—,,—,,—,,—,,—,,—,,—,,—,,—,,91872,0.13319627864629,—,,—,,—,,94528,0.135081875381368,—,,—,,—,,113620,0.162718058954864,—,,—,,—,,118898,0.180627695598474,—,,—,,—,,134847,0.205795991123944,—,,—,,—,
    Renewable Energy,,—,,—,,—,,—,,—,,—,,—,,—,,—,,—,,—,,—,,—,,—,,—,,—,,—,,—,,—,,—,,—,,—,,—,,—,,—,,—,,—,,—,,—,,—,,—,,—,,—,,—,,—,,—,,3269,0.00498896597613721,—,,—,,—,
    Power,,—,,—,,—,,—,,—,,—,,—,,—,,—,,—,,—,,—,,—,,—,,—,,—,,—,,—,,—,,—,,—,,—,,—,,—,,—,,—,,—,,—,,—,,—,,—,,—,,—,,—,,—,,—,,26168,0.0399361461191675,—,,—,,—,
    Appliances & Lighting,,—,,—,,—,,—,,—,,—,,—,,—,,—,,—,,—,,—,,—,,—,,—,,—,,—,,—,,—,,—,,—,,—,,—,,—,,—,,—,,—,,—,,3675,0.00526305990722693,—,,—,,—,,4201,0.00638208337574383,—,,—,,—,,4306,0.0065715776975365,—,,—,,—,
    Power & Water,,—,,—,,—,,—,,—,,—,,—,,—,,—,,—,,—,,—,,—,,—,,—,,—,,—,,—,,—,,—,,—,,—,,—,,—,,26544,0.037931758845242,—,,—,,—,,27074,0.0387733561709556,—,,—,,—,,27143,0.0412351556933622,—,,—,,—,,—,,—,,—,,—,
    Home & Business Solutions,,—,,—,,—,,—,,—,,—,,—,,—,,—,,—,,—,,—,,—,,—,,—,,—,,—,,—,,—,,—,,4955,0.00718377264773128,—,,—,,—,,3437,0.00491152257199732,—,,—,,—,,—,,—,,—,,—,,—,,—,,—,,—,,—,,—,,—,,—,
    Energy Infrastructure,,—,,—,,—,,—,,—,,—,,—,,—,,—,,—,,—,,—,,31466,0.0442223287203408,—,,—,,—,,33836,0.0480248441562866,—,,—,,—,,36663,0.0531541183821941,—,,—,,—,,—,,—,,—,,—,,—,,—,,—,,—,,—,,—,,—,,—,,—,,—,,—,,—,
    Aviation,,—,,—,,—,,—,,—,,—,,—,,—,,—,,—,,—,,—,,—,,—,,—,,—,,—,,—,,—,,—,,20377,0.0295426307250898,—,,—,,—,,21175,0.0302593804079265,—,,—,,—,,23567,0.0337508932880591,—,,—,,—,,25145,0.0381998301554579,—,,—,,—,,32273,0.0492532575551778,—,,—,,—,
    Transportation,,—,,—,,—,,—,,—,,—,,—,,—,,—,,—,,—,,—,,—,,—,,—,,—,,—,,—,,—,,—,,2714,0.00393476467526593,—,,—,,—,,2515,0.00359397127395207,—,,—,,—,,2633,0.00377078550632068,—,,—,,—,,4335,0.00658565375716484,—,,—,,—,,4418,0.00674250586802514,—,,—,,—,
    Oil & Gas,,—,,—,,—,,—,,—,,—,,—,,—,,—,,—,,—,,—,,—,,—,,—,,—,,—,,—,,—,,—,,—,,—,,—,,—,,9340,0.0133469947112176,—,,—,,—,,18855,0.02700271960565,—,,—,,—,,20111,0.0305522682146118,—,,—,,—,,26250,0.0400612899582752,—,,—,,—,
    Energy Management,,—,,—,,—,,—,,—,,—,,—,,—,,—,,—,,—,,—,,—,,—,,—,,—,,—,,—,,—,,—,,—,,—,,—,,—,,3733,0.00533451084121792,—,,—,,—,,9835,0.0140849507993406,—,,—,,—,,9594,0.0145750316369641,—,,—,,—,,10305,0.0157269178293343,—,,—,,—,
    Healthcare,,—,,—,,—,,—,,24661,0.0459799046505688,—,,—,,—,,27283,0.0451626786734094,—,,—,,—,,27027,0.0379837563822745,—,,—,,—,,—,,—,,—,,—,,27163,0.039380992216009,—,,—,,—,,27784,0.0397037367298148,—,,—,,—,,27981,0.0400722936773107,—,,—,,—,,28369,0.0430976727651694,—,,—,,—,,27858,0.0425153301202907,—,,—,,—,
  Technology Infrastructure,,—,,—,,—,,—,,—,,—,,—,,—,,—,,—,,—,,—,,57670,0.0810494405803742,—,,—,,—,,58967,0.0836943192269698,—,,—,,—,,—,,—,,—,,—,,—,,—,,—,,—,,—,,—,,—,,—,,—,,—,,—,,—,,—,,—,,—,,—,
  Industrial,,—,,—,,—,,—,,41556,0.0774802691561184,—,,—,,—,,12900,0.0213539037087923,—,,—,,—,,—,,—,,—,,—,,—,,—,,—,,—,,—,,—,,—,,—,,—,,—,,—,,—,,—,,—,,—,,—,,—,,—,,—,,—,,—,,—,,—,,—,
  Infrastructure,,—,,—,,—,,—,,89555,0.166973373382332,—,,—,,—,,100312,0.166050603785766,—,,—,,—,,—,,—,,—,,—,,—,,—,,—,,—,,—,,—,,—,,—,,—,,—,,—,,—,,—,,—,,—,,—,,—,,—,,—,,—,,—,,—,,—,,—,
  Consumer & Industrial,,—,,—,,—,,—,,—,,—,,—,,—,,—,,—,,—,,—,,5351,0.00752029749515488,—,,—,,—,,5065,0.00718896547025628,—,,—,,—,,—,,—,,—,,—,,—,,—,,—,,—,,—,,—,,—,,—,,—,,—,,—,,—,,—,,—,,—,,—,
  Commercial Finance,,—,,—,,—,,—,,190546,0.355268923058565,—,,—,,—,,252901,0.418637488516069,—,,—,,—,,—,,—,,—,,—,,—,,—,,—,,—,,—,,—,,—,,—,,—,,—,,—,,—,,—,,—,,—,,—,,—,,—,,—,,—,,—,,—,,—,,—,
    Capital Solutions,,—,,—,,—,,—,,87306,0.162780161202812,—,,—,,—,,100882,0.166994148368247,—,,—,,—,,—,,—,,—,,—,,—,,—,,—,,—,,—,,—,,—,,—,,—,,—,,—,,—,,—,,—,,—,,—,,—,,—,,—,,—,,—,,—,,—,,—,
  NBC Universal,,—,,—,,—,,—,,31196,0.0581642717440145,—,,—,,—,,31425,0.0520191026394418,—,,—,,—,,33089,0.0465032935558176,—,,—,,—,,33781,0.0479467803653953,—,,—,,—,,—,,—,,—,,—,,—,,—,,—,,—,,—,,—,,—,,—,,—,,—,,—,,—,,—,,—,,—,,—,
  Corporate,,—,,—,,—,,—,,136978,,—,,—,,—,,92578,,—,,—,,—,,84142,,—,,—,,—,,93217,,—,,—,,—,,92200,,—,,—,,—,,48708,,—,,—,,—,,20033,,—,,—,,—,,26750,,—,,—,,—,,8001,,—,,—,,—,
  Capital,,—,,—,,—,,—,,—,,—,,—,,—,,—,,—,,—,,—,,583965,0.820704639648313,—,,—,,—,,572903,0.813145090781092,—,,—,,—,,597877,0.86680372135371,—,,—,,—,,605255,0.864918124618632,—,,—,,—,,584643,0.837281941045136,—,,—,,—,,539351,0.819372304401526,—,,—,,—,,520399,0.794204008876056,—,,—,,—,
    CCL,,—,,—,,—,,—,,—,,—,,—,,—,,—,,—,,—,,—,,—,,—,,—,,—,,—,,—,,—,,—,,—,,—,,—,,—,,202650,0.289589772829577,—,,—,,—,,193869,0.277644669701817,—,,—,,—,,—,,—,,—,,—,,—,,—,,—,,—,
    Consumer,,—,,—,,—,,—,,158829,0.296133258008401,—,,—,,—,,179284,0.296776222676521,—,,—,,—,,210952,0.296472023397106,—,,—,,—,,—,,—,,—,,—,,—,,—,,—,,—,,147327,0.210532407903593,—,,—,,—,,138534,0.198398024813,—,,—,,—,,—,,—,,—,,—,,—,,—,,—,,—,
    Energy Financial services (EFS),,—,,—,,—,,—,,—,,—,,—,,—,,—,,—,,—,,—,,—,,—,,—,,—,,—,,—,,—,,—,,—,,—,,—,,—,,19549,0.0279358029560592,—,,—,,—,,18357,0.0262895212835278,—,,—,,—,,—,,—,,—,,—,,—,,—,,—,,—,
    Real Estate,,—,,—,,—,,—,,35323,0.0658589745741065,—,,—,,—,,53786,0.0890341910760546,—,,—,,—,,79285,0.11142717004361,—,,—,,—,,—,,—,,—,,—,,—,,—,,—,,—,,72630,0.103789317545582,—,,—,,—,,60873,0.0871777539408504,—,,—,,—,,—,,—,,—,,—,,—,,—,,—,,—,
    GECAS,,—,,—,,—,,—,,—,,—,,—,,—,,—,,—,,—,,—,,—,,—,,—,,—,,—,,—,,—,,—,,—,,—,,—,,—,,49106,0.0701731822579285,—,,—,,—,,48821,0.0699177816954357,—,,—,,—,,—,,—,,—,,—,,—,,—,,—,,—,
Number of Units Sold,,—,,—,,—,,—,,—,,—,,—,,—,,—,,—,,—,,—,,—,,—,,—,,—,,—,,—,,—,,—,,—,,—,,—,,—,,—,,—,,—,,—,,—,,—,,—,,—,,—,,—,,—,,—,,—,,1588,1.0,1609,1.0,1797,1.0
  Aviation,,—,,—,,—,,—,,—,,—,,—,,—,,—,,—,,—,,—,,—,,—,,—,,—,,—,,—,,—,,—,,—,,—,,—,,—,,—,,—,,—,,—,,—,,—,,—,,—,,—,,—,,—,,—,,—,,894,0.562972292191436,913,0.567433188315724,910,0.506399554813578
    Commercial Engines,,—,,—,,—,,—,,—,,—,,—,,—,,—,,—,,—,,—,,—,,—,,—,,—,,—,,—,,—,,—,,—,,—,,—,,—,,—,,—,,—,,—,,—,,—,,—,,—,,—,,—,,—,,—,,—,,646,0.406801007556675,652,0.405220633934121,615,0.342237061769616
      GEnx engines,,—,,—,,—,,—,,—,,—,,—,,—,,—,,—,,—,,—,,—,,—,,—,,—,,—,,—,,—,,—,,—,,—,,—,,—,,—,,—,,—,,—,,—,,—,,—,,—,,—,,—,,—,,—,,—,,70,0.044080604534005,75,0.0466128029832194,65,0.0361713967723984
    Military Engines,,—,,—,,—,,—,,—,,—,,—,,—,,—,,—,,—,,—,,—,,—,,—,,—,,—,,—,,—,,—,,—,,—,,—,,—,,—,,—,,—,,—,,—,,—,,—,,—,,—,,—,,—,,—,,—,,248,0.156171284634761,261,0.162212554381603,295,0.164162493043962
  Power & Water,,—,,—,,—,,—,,—,,—,,—,,—,,—,,—,,—,,—,,—,,—,,—,,—,,—,,—,,—,,—,,—,,—,,—,,—,,—,,—,,—,,—,,—,,—,,—,,—,,—,,—,,—,,—,,—,,663,0.417506297229219,531,0.330018645121193,668,0.371730662214802
    Wind Turbines,,—,,—,,—,,—,,—,,—,,—,,—,,—,,—,,—,,—,,—,,—,,—,,—,,—,,—,,—,,—,,—,,—,,—,,—,,—,,—,,—,,—,,—,,—,,—,,—,,—,,—,,—,,—,,—,,646,0.406801007556675,510,0.316967060285892,642,0.357262103505843
    Gas Turbines,,—,,—,,—,,—,,—,,—,,—,,—,,—,,—,,—,,—,,—,,—,,—,,—,,—,,—,,—,,—,,—,,—,,—,,—,,—,,—,,—,,—,,—,,—,,—,,—,,—,,—,,—,,—,,—,,17,0.0107052896725441,21,0.0130515848353014,26,0.0144685587089594
  Transportation,,—,,—,,—,,—,,—,,—,,—,,—,,—,,—,,—,,—,,—,,—,,—,,—,,—,,—,,—,,—,,—,,—,,—,,—,,—,,—,,—,,—,,—,,—,,—,,—,,—,,—,,—,,—,,—,,31,0.0195214105793451,165,0.102548166563083,219,0.121869782971619
    Locomotive,,—,,—,,—,,—,,—,,—,,—,,—,,—,,—,,—,,—,,—,,—,,—,,—,,—,,—,,—,,—,,—,,—,,—,,—,,—,,—,,—,,—,,—,,—,,—,,—,,—,,—,,—,,—,,—,,178,0.112090680100756,165,0.102548166563083,219,0.121869782971619
Capital Expenditures,,—,,—,,—,,—,,—,,-853,,—,,—,,—,,—,,—,,—,,—,,—,,—,,—,,—,,—,,—,,—,,—,,—,,—,,—,,—,,—,,—,,—,,—,,—,,—,,—,,—,,—,,—,,—,,—,,—,,—,,—,
  GE Money,,—,,—,,—,,—,,—,,-853,1.0,—,,—,,—,,—,,—,,—,,—,,—,,—,,—,,—,,—,,—,,—,,—,,—,,—,,—,,—,,—,,—,,—,,—,,—,,—,,—,,—,,—,,—,,—,,—,,—,,—,,—,
Orders Received (in Unit),,—,,—,,—,,—,,—,,—,,—,,—,,—,,—,,—,,—,,—,,—,,—,,—,,—,,—,,—,,—,,—,,—,,—,,—,,—,,—,,—,,—,,—,,—,,—,,—,,—,,—,,—,,—,,—,,—,,—,,—,
  Commercial Engines,,—,,—,,—,,—,,—,,—,,—,,—,,—,,—,,—,,—,,—,,—,,—,,—,,—,,—,,—,,—,,—,,—,,—,,—,,—,,—,,—,,—,,—,,—,,—,,—,,—,,—,,—,,—,,—,,796,,1061,,1376,
    GEnx engines,,—,,—,,—,,—,,—,,—,,—,,—,,—,,—,,—,,—,,—,,—,,—,,—,,—,,—,,—,,—,,—,,—,,—,,—,,—,,—,,—,,—,,—,,—,,—,,—,,—,,—,,—,,—,,—,,6,,13,,16,
  Locomotive,,—,,—,,—,,—,,—,,—,,—,,—,,—,,—,,—,,—,,—,,—,,—,,—,,—,,—,,—,,—,,—,,—,,—,,—,,—,,—,,—,,—,,—,,—,,—,,—,,—,,—,,—,,—,,—,,259,,138,,1131,
  Wind Turbines,,—,,—,,—,,—,,—,,—,,—,,—,,—,,—,,—,,—,,—,,—,,—,,—,,—,,—,,—,,—,,—,,—,,—,,—,,—,,—,,—,,—,,—,,—,,—,,—,,—,,—,,—,,—,,—,,422,,715,,839,
  Military Engines,,—,,—,,—,,—,,—,,—,,—,,—,,—,,—,,—,,—,,—,,—,,—,,—,,—,,—,,—,,—,,—,,—,,—,,—,,—,,—,,—,,—,,—,,—,,—,,—,,—,,—,,—,,—,,—,,291,,163,,222,
  Gas Turbines,,—,,—,,—,,—,,—,,—,,—,,—,,—,,—,,—,,—,,—,,—,,—,,—,,—,,—,,—,,—,,—,,—,,—,,—,,—,,—,,—,,—,,—,,—,,—,,—,,—,,—,,—,,—,,—,,31,,10,,23,
Order Backlog,,—,,—,,—,,—,,—,,—,,—,,—,,124200,1.0,—,,—,,—,,157700,1.0,—,,—,,—,,172400,1.0,141400,1.0,169000,1.0,147600,1.0,174700,1.0,149400,1.0,82000,1.0,82000,1.0,175300,1.0,151000,1.0,163100,1.0,161000,1.0,127600,1.0,132200,1.0,182100,1.0,181600,1.0,209600,1.0,103000,1.0,110000,1.0,114000,1.0,—,,245300,1.0,251800,1.0,255700,1.0
  Industrial Segment,,—,,—,,—,,—,,—,,—,,—,,—,,—,,—,,—,,—,,—,,—,,—,,—,,—,,—,,—,,—,,—,,149400,1.0,82000,1.0,82000,1.0,—,,151000,1.0,163100,1.0,161000,1.0,127600,1.0,132200,1.0,182100,1.0,181600,1.0,209600,1.0,103000,1.0,110000,1.0,114000,1.0,—,,245300,1.0,251800,1.0,255700,1.0
    Aviation,,—,,—,,—,,—,,—,,—,,—,,—,,49500,0.398550724637681,—,,—,,—,,70400,0.446417247939125,—,,—,,—,,77800,0.451276102088167,73200,0.517680339462518,76000,0.449704142011834,80000,0.5420054200542,78900,0.451631368059531,78000,0.522088353413655,78000,0.951219512195122,78000,0.951219512195122,79500,0.453508271534512,79000,0.52317880794702,89000,0.545677498467198,89000,0.552795031055901,99000,0.775862068965517,98000,0.741301059001513,97500,0.535420098846787,98000,0.539647577092511,102400,0.488549618320611,103000,1.0,110000,1.0,114000,1.0,—,,125600,0.512026090501427,126900,0.503971405877681,127600,0.499022291748142
      Services,,—,,—,,—,,—,,—,,—,,—,,—,,—,,—,,—,,—,,—,,—,,—,,—,,—,,51600,0.364922206506365,55000,0.325443786982249,59000,0.399728997289973,—,,58000,0.388219544846051,59000,0.719512195121951,58000,0.707317073170732,59000,0.33656588705077,59000,0.390728476821192,68000,0.416922133660331,68000,0.422360248447205,76500,0.599529780564263,76000,0.574886535552194,75600,0.415156507413509,—,,79500,0.379293893129771,—,,—,,—,,—,,97800,0.398695474928659,99800,0.396346306592534,96600,0.377786468517794
      Equipment,,—,,—,,—,,—,,—,,—,,—,,—,,—,,—,,—,,—,,—,,—,,—,,—,,—,,21600,0.152758132956153,21000,0.124260355029586,21000,0.142276422764228,—,,20000,0.133868808567604,19000,0.231707317073171,20000,0.24390243902439,20000,0.114090131203651,20000,0.132450331125828,21000,0.128755364806867,21000,0.130434782608696,22500,0.176332288401254,22000,0.166414523449319,21900,0.120263591433278,—,,22900,0.10925572519084,—,,—,,—,,—,,27800,0.113330615572768,27100,0.107625099285147,31000,0.121235823230348
    Power & Water,,—,,—,,—,,—,,—,,—,,—,,—,,—,,—,,—,,—,,—,,—,,—,,—,,—,,—,,—,,—,,—,,—,,—,,—,,—,,—,,—,,—,,—,,—,,—,,—,,58800,0.280534351145038,—,,—,,—,,—,,63700,0.259682022013861,63400,0.251787132644956,64300,0.251466562377786
      Services,,—,,—,,—,,—,,—,,—,,—,,—,,—,,—,,—,,—,,—,,—,,—,,—,,—,,—,,—,,—,,—,,—,,—,,—,,—,,—,,—,,—,,—,,—,,—,,—,,50200,0.239503816793893,—,,—,,—,,—,,52600,0.214431308601712,52300,0.207704527402701,53400,0.208838482596793
      Equipment,,—,,—,,—,,—,,—,,—,,—,,—,,—,,—,,—,,—,,—,,—,,—,,—,,—,,—,,—,,—,,—,,—,,—,,—,,—,,—,,—,,—,,—,,—,,—,,—,,8600,0.041030534351145,—,,—,,—,,—,,11100,0.0452507134121484,11100,0.0440826052422558,10900,0.0426280797809934
    Oil & Gas,,—,,—,,—,,—,,—,,—,,—,,—,,4200,0.0338164251207729,—,,—,,—,,9100,0.0577045022194039,—,,—,,—,,9800,0.0568445475638051,9700,0.0685997171145686,10500,0.0621301775147929,10700,0.0724932249322493,11200,0.0641099026903263,—,,—,,—,,10700,0.0610382201939532,—,,—,,—,,—,,—,,—,,—,,14800,0.0706106870229008,—,,—,,—,,—,,18900,0.0770485120260905,24000,0.0953137410643368,23900,0.0934689088775909
      Equipment,,—,,—,,—,,—,,—,,—,,—,,—,,—,,—,,—,,—,,—,,—,,—,,—,,—,,6300,0.0445544554455446,6500,0.0384615384615385,6900,0.0467479674796748,—,,—,,—,,—,,6800,0.0387906446092413,—,,—,,—,,—,,—,,—,,—,,10200,0.0486641221374046,—,,—,,—,,—,,13200,0.0538116591928251,12900,0.051231135822081,12900,0.0504497457958545
      Services,,—,,—,,—,,—,,—,,—,,—,,—,,—,,—,,—,,—,,—,,—,,—,,—,,—,,3400,0.024045261669024,4000,0.0236686390532544,3800,0.0257452574525745,—,,—,,—,,—,,4000,0.0228180262407302,—,,—,,—,,—,,—,,—,,—,,4500,0.021469465648855,—,,—,,—,,—,,5700,0.0232368528332654,11100,0.0440826052422558,11000,0.0430191630817364
    Transportation,,—,,—,,—,,—,,—,,—,,—,,—,,13700,0.110305958132045,—,,—,,—,,15800,0.100190234622701,—,,—,,—,,15400,0.0893271461716937,—,,14500,0.0857988165680473,—,,14100,0.0807097882083572,—,,—,,—,,15300,0.0872789503707929,—,,—,,3900,0.024223602484472,15100,0.11833855799373,3700,0.0279878971255673,3600,0.0197693574958814,3400,0.0187224669603524,14400,0.0687022900763359,—,,—,,—,,—,,15900,0.0648185894822666,15900,0.0631453534551231,18500,0.0723504106374658
      Services,,—,,—,,—,,—,,—,,—,,—,,—,,—,,—,,—,,—,,—,,—,,—,,—,,—,,—,,12000,0.0710059171597633,—,,—,,—,,—,,—,,11600,0.0661722760981175,—,,—,,—,,11800,0.0924764890282132,—,,—,,—,,11100,0.0529580152671756,—,,—,,—,,—,,12300,0.0501426824296779,12200,0.0484511517077045,12600,0.0492764958936253
      Equipment,,—,,—,,—,,—,,—,,—,,—,,—,,—,,—,,—,,—,,—,,—,,—,,—,,—,,—,,2500,0.014792899408284,—,,—,,—,,—,,—,,3700,0.0211066742726754,—,,—,,3900,0.024223602484472,3300,0.0258620689655172,3700,0.0279878971255673,3600,0.0197693574958814,3400,0.0187224669603524,3300,0.0157442748091603,—,,—,,—,,—,,3600,0.0146759070525887,3700,0.0146942017474186,5900,0.0230739147438404
    Healthcare,,—,,—,,—,,—,,—,,—,,—,,—,,11000,0.0885668276972625,—,,—,,—,,11000,0.0697526949904883,—,,—,,—,,12500,0.0725058004640371,3100,0.0219236209335219,12000,0.0710059171597633,3400,0.0230352303523035,12900,0.0738408700629651,3700,0.0247657295850067,4000,0.0487804878048781,4000,0.0487804878048781,13400,0.0764403879064461,3900,0.0258278145695364,4000,0.0245248313917842,4300,0.0267080745341615,13500,0.105799373040752,4000,0.0302571860816944,4200,0.0230642504118616,4400,0.0242290748898678,15400,0.0734732824427481,—,,—,,—,,—,,16300,0.0664492458214431,16600,0.0659253375694996,16400,0.0641376613218615
      Services,,—,,—,,—,,—,,—,,—,,—,,—,,—,,—,,—,,—,,—,,—,,—,,—,,—,,—,,9000,0.0532544378698225,—,,—,,—,,—,,—,,9500,0.0541928123217342,—,,—,,—,,9600,0.0752351097178683,—,,—,,—,,10900,0.0520038167938931,—,,—,,—,,—,,11300,0.0460660415817366,11400,0.04527402700556,11100,0.0434102463824795
      Equipment,,—,,—,,—,,—,,—,,—,,—,,—,,—,,—,,—,,—,,—,,—,,—,,—,,—,,3100,0.0219236209335219,3000,0.0177514792899408,3400,0.0230352303523035,—,,3700,0.0247657295850067,4000,0.0487804878048781,4000,0.0487804878048781,3900,0.0222475755847119,3900,0.0258278145695364,4000,0.0245248313917842,4300,0.0267080745341615,3900,0.030564263322884,4000,0.0302571860816944,4200,0.0230642504118616,4400,0.0242290748898678,4500,0.021469465648855,—,,—,,—,,—,,5000,0.0203832042397065,5200,0.0206513105639396,5300,0.0207274149393821
    Energy Management,,—,,—,,—,,—,,—,,—,,—,,—,,—,,—,,—,,—,,—,,—,,—,,—,,—,,—,,—,,—,,—,,—,,—,,—,,—,,—,,—,,—,,—,,—,,—,,—,,3800,0.0181297709923664,—,,—,,—,,—,,4900,0.0199755401549124,5000,0.0198570293884035,5000,0.0195541650371529
      Equipment,,—,,—,,—,,—,,—,,—,,—,,—,,—,,—,,—,,—,,—,,—,,—,,—,,—,,—,,—,,—,,—,,—,,—,,—,,—,,—,,—,,—,,—,,—,,—,,—,,3200,0.0152671755725191,—,,—,,—,,—,,3900,0.0158988993069711,3900,0.0154884829229547,3900,0.0152522487289793
      Services,,—,,—,,—,,—,,—,,—,,—,,—,,—,,—,,—,,—,,—,,—,,—,,—,,—,,—,,—,,—,,—,,—,,—,,—,,—,,—,,—,,—,,—,,—,,—,,—,,600,0.00286259541984733,—,,—,,—,,—,,1000,0.0040766408479413,1100,0.00436854646544877,1100,0.00430191630817364
    Energy Infrastructure,,—,,—,,—,,—,,—,,—,,—,,—,,—,,—,,—,,—,,—,,—,,—,,—,,—,,—,,—,,—,,—,,67700,0.453145917001339,—,,—,,—,,68100,0.450993377483444,70100,0.429797670141018,72000,0.447204968944099,—,,26500,0.200453857791225,76800,0.42174629324547,75800,0.417400881057269,—,,—,,—,,—,,—,,—,,—,,—,
      Services,,—,,—,,—,,—,,—,,—,,—,,—,,—,,—,,—,,—,,—,,—,,—,,—,,—,,—,,—,,—,,—,,—,,—,,—,,—,,48900,0.323841059602649,49300,0.30226854690374,49300,0.306211180124224,—,,3700,0.0279878971255673,54400,0.298736957715541,54900,0.302312775330396,—,,—,,—,,—,,—,,—,,—,,—,
      Equipment,,—,,—,,—,,—,,—,,—,,—,,—,,—,,—,,—,,—,,—,,—,,—,,—,,—,,—,,—,,—,,—,,—,,—,,—,,—,,19200,0.127152317880795,20800,0.127529123237278,22700,0.140993788819876,—,,22800,0.172465960665658,22400,0.123009335529929,20900,0.115088105726872,—,,—,,—,,—,,—,,—,,—,,—,
  Energy,,—,,—,,—,,—,,—,,—,,—,,—,,45800,0.368760064412238,—,,—,,—,,51400,0.325935320228282,—,,—,,—,,56900,0.330046403712297,55400,0.391796322489392,56000,0.331360946745562,53500,0.362466124661247,57600,0.329708070978821,—,,—,,—,,56400,0.321734169994295,—,,—,,—,,—,,—,,—,,—,,—,,—,,—,,—,,—,,—,,—,,—,
    Services,,—,,—,,—,,—,,—,,—,,—,,—,,—,,—,,—,,—,,—,,—,,—,,—,,—,,—,,42000,0.248520710059172,—,,—,,—,,—,,—,,44800,0.255561893896178,—,,—,,—,,—,,—,,—,,—,,—,,—,,—,,—,,—,,—,,—,,—,
    Equipment,,—,,—,,—,,—,,—,,—,,—,,—,,—,,—,,—,,—,,—,,—,,—,,—,,—,,—,,14000,0.0828402366863906,—,,—,,—,,—,,—,,11600,0.0661722760981175,—,,—,,—,,—,,—,,—,,—,,—,,—,,—,,—,,—,,—,,—,,—,
Orders Received,,—,,—,,—,,—,,—,,—,,—,,—,,—,,—,,—,,—,,—,,—,,—,,—,,—,,11900,1.0,17400,1.0,17700,1.0,78100,1.0,9200,1.0,9400,1.0,10500,1.0,25200,1.0,19400,1.0,24000,1.0,22400,1.0,13300,1.0,23300,1.0,—,,21600,1.0,28900,1.0,24100,1.0,24900,1.0,26300,1.0,—,,24600,1.0,25500,1.0,31900,1.0
  Industrial Segment,,—,,—,,—,,—,,—,,—,,—,,—,,—,,—,,—,,—,,—,,—,,—,,—,,—,,—,,—,,—,,—,,9200,1.0,9400,1.0,10500,1.0,—,,19400,1.0,24000,1.0,22400,1.0,13300,1.0,23300,1.0,—,,21600,1.0,28900,1.0,24100,1.0,24900,1.0,26300,1.0,—,,24600,1.0,25500,1.0,31900,1.0
    Aviation,,—,,—,,—,,—,,—,,—,,—,,—,,—,,—,,—,,—,,—,,—,,—,,—,,—,,5500,0.46218487394958,4500,0.258620689655172,4500,0.254237288135593,18200,0.23303457106274,4500,0.489130434782609,3900,0.414893617021277,4900,0.466666666666667,5900,0.234126984126984,5100,0.262886597938144,5300,0.220833333333333,5600,0.25,6900,0.518796992481203,5600,0.240343347639485,—,,5200,0.240740740740741,7400,0.256055363321799,6600,0.273858921161826,5800,0.232931726907631,7700,0.29277566539924,—,,5500,0.223577235772358,5800,0.227450980392157,10100,0.316614420062696
      Equipment,,—,,—,,—,,—,,—,,—,,—,,—,,—,,—,,—,,—,,—,,—,,—,,—,,—,,—,,2100,0.120689655172414,1900,0.107344632768362,—,,2100,0.228260869565217,1600,0.170212765957447,2500,0.238095238095238,3000,0.119047619047619,2300,0.118556701030928,2600,0.108333333333333,2700,0.120535714285714,4200,0.315789473684211,2600,0.111587982832618,—,,2600,0.12037037037037,4800,0.166089965397924,3800,0.157676348547718,3200,0.1285140562249,5000,0.190114068441065,—,,2400,0.0975609756097561,2900,0.113725490196078,6800,0.213166144200627
      Services,,—,,—,,—,,—,,—,,—,,—,,—,,—,,—,,—,,—,,—,,—,,—,,—,,—,,—,,2400,0.137931034482759,2600,0.146892655367232,—,,2400,0.260869565217391,2300,0.24468085106383,2400,0.228571428571429,2900,0.115079365079365,2800,0.144329896907216,2700,0.1125,2900,0.129464285714286,2700,0.203007518796992,3000,0.128755364806867,—,,2600,0.12037037037037,2700,0.0934256055363322,2800,0.116182572614108,2600,0.104417670682731,2700,0.102661596958175,—,,3100,0.126016260162602,2900,0.113725490196078,3300,0.103448275862069
    Power & Water,,—,,—,,—,,—,,—,,—,,—,,—,,—,,—,,—,,—,,—,,—,,—,,—,,—,,—,,—,,—,,—,,—,,—,,—,,—,,—,,—,,—,,—,,—,,—,,—,,7100,0.245674740484429,5100,0.211618257261411,6000,0.240963855421687,5900,0.224334600760456,—,,5700,0.231707317073171,6300,0.247058823529412,6400,0.200626959247649
      Equipment,,—,,—,,—,,—,,—,,—,,—,,—,,—,,—,,—,,—,,—,,—,,—,,—,,—,,—,,—,,—,,—,,—,,—,,—,,—,,—,,—,,—,,—,,—,,—,,—,,3500,0.121107266435986,2600,0.107883817427386,3000,0.120481927710843,3000,0.114068441064639,—,,2600,0.105691056910569,3000,0.117647058823529,3300,0.103448275862069
      Services,,—,,—,,—,,—,,—,,—,,—,,—,,—,,—,,—,,—,,—,,—,,—,,—,,—,,—,,—,,—,,—,,—,,—,,—,,—,,—,,—,,—,,—,,—,,—,,—,,3600,0.124567474048443,2500,0.103734439834025,3000,0.120481927710843,2900,0.110266159695817,—,,3100,0.126016260162602,3300,0.129411764705882,3100,0.0971786833855799
    Oil & Gas,,—,,—,,—,,—,,—,,—,,—,,—,,—,,—,,—,,—,,—,,—,,—,,—,,—,,1900,0.159663865546218,2000,0.114942528735632,2100,0.11864406779661,8400,0.107554417413572,—,,—,,—,,2900,0.115079365079365,—,,—,,—,,—,,—,,—,,—,,5500,0.190311418685121,4800,0.199170124481328,5100,0.204819277108434,4400,0.167300380228137,—,,4600,0.186991869918699,5300,0.207843137254902,4800,0.150470219435737
      Equipment,,—,,—,,—,,—,,—,,—,,—,,—,,—,,—,,—,,—,,—,,—,,—,,—,,—,,—,,1100,0.0632183908045977,1300,0.0734463276836158,—,,—,,—,,—,,1700,0.0674603174603175,—,,—,,—,,—,,—,,—,,—,,3100,0.107266435986159,2900,0.120331950207469,2800,0.112449799196787,2300,0.0874524714828897,—,,2400,0.0975609756097561,2500,0.0980392156862745,2600,0.0815047021943574
      Services,,—,,—,,—,,—,,—,,—,,—,,—,,—,,—,,—,,—,,—,,—,,—,,—,,—,,—,,900,0.0517241379310345,800,0.0451977401129944,—,,—,,—,,—,,1200,0.0476190476190476,—,,—,,—,,—,,—,,—,,—,,2400,0.0830449826989619,1900,0.0788381742738589,2300,0.0923694779116466,2100,0.0798479087452472,—,,2200,0.0894308943089431,2800,0.109803921568627,2200,0.0689655172413793
    Healthcare,,—,,—,,—,,—,,—,,—,,—,,—,,—,,—,,—,,—,,—,,—,,—,,—,,—,,3600,0.302521008403361,3800,0.218390804597701,3900,0.220338983050847,16700,0.213828425096031,3800,0.41304347826087,4300,0.457446808510638,4200,0.4,5200,0.206349206349206,4100,0.211340206185567,4700,0.195833333333333,4600,0.205357142857143,5200,0.390977443609023,4400,0.188841201716738,—,,4600,0.212962962962963,5400,0.186851211072664,4300,0.178423236514523,—,,4600,0.174904942965779,—,,4200,0.170731707317073,4800,0.188235294117647,4700,0.147335423197492
      Equipment,,—,,—,,—,,—,,—,,—,,—,,—,,—,,—,,—,,—,,—,,—,,—,,—,,—,,—,,2400,0.137931034482759,2400,0.135593220338983,—,,2400,0.260869565217391,2800,0.297872340425532,2700,0.257142857142857,3600,0.142857142857143,2100,0.108247422680412,2600,0.108333333333333,2600,0.116071428571429,3100,0.233082706766917,2400,0.103004291845494,—,,2600,0.12037037037037,3400,0.117647058823529,2300,0.0954356846473029,2800,0.112449799196787,2700,0.102661596958175,—,,2300,0.0934959349593496,2800,0.109803921568627,2700,0.0846394984326019
      Services,,—,,—,,—,,—,,—,,—,,—,,—,,—,,—,,—,,—,,—,,—,,—,,—,,—,,—,,1400,0.0804597701149425,1500,0.0847457627118644,—,,1400,0.152173913043478,1500,0.159574468085106,1500,0.142857142857143,1600,0.0634920634920635,2000,0.103092783505155,2100,0.0875,2000,0.0892857142857143,2100,0.157894736842105,2000,0.0858369098712446,—,,2000,0.0925925925925926,2000,0.069204152249135,2000,0.0829875518672199,2000,0.0803212851405622,1900,0.0722433460076046,—,,1900,0.0772357723577236,2000,0.0784313725490196,2000,0.0626959247648903
    Transportation,,—,,—,,—,,—,,—,,—,,—,,—,,—,,—,,—,,—,,—,,—,,—,,—,,—,,900,0.0756302521008403,900,0.0517241379310345,700,0.0395480225988701,3100,0.0396927016645326,900,0.0978260869565217,1200,0.127659574468085,1400,0.133333333333333,1400,0.0555555555555556,900,0.0463917525773196,1300,0.0541666666666667,1000,0.0446428571428571,1200,0.0902255639097744,1600,0.0686695278969957,—,,1300,0.0601851851851852,1300,0.0449826989619377,1100,0.045643153526971,1000,0.0401606425702811,1600,0.0608365019011407,—,,2400,0.0975609756097561,1400,0.0549019607843137,3900,0.122257053291536
      Equipment,,—,,—,,—,,—,,—,,—,,—,,—,,—,,—,,—,,—,,—,,—,,—,,—,,—,,—,,400,0.0229885057471264,200,0.0112994350282486,—,,400,0.0434782608695652,700,0.074468085106383,900,0.0857142857142857,800,0.0317460317460317,400,0.0206185567010309,800,0.0333333333333333,400,0.0178571428571429,500,0.037593984962406,1000,0.0429184549356223,—,,600,0.0277777777777778,600,0.0207612456747405,400,0.016597510373444,400,0.0160642570281124,900,0.0342205323193916,—,,1800,0.0731707317073171,600,0.0235294117647059,3100,0.0971786833855799
      Services,,—,,—,,—,,—,,—,,—,,—,,—,,—,,—,,—,,—,,—,,—,,—,,—,,—,,—,,500,0.028735632183908,500,0.0282485875706215,—,,500,0.0543478260869565,500,0.0531914893617021,500,0.0476190476190476,600,0.0238095238095238,500,0.0257731958762887,500,0.0208333333333333,600,0.0267857142857143,700,0.0526315789473684,600,0.0257510729613734,—,,700,0.0324074074074074,700,0.0242214532871972,700,0.029045643153527,600,0.0240963855421687,700,0.026615969581749,—,,600,0.024390243902439,800,0.0313725490196078,800,0.0250783699059561
    Energy Management,,—,,—,,—,,—,,—,,—,,—,,—,,—,,—,,—,,—,,—,,—,,—,,—,,—,,—,,—,,—,,—,,—,,—,,—,,—,,—,,—,,—,,—,,—,,—,,—,,2200,0.0761245674740484,2200,0.0912863070539419,2200,0.0883534136546185,2100,0.0798479087452472,—,,2200,0.0894308943089431,1900,0.0745098039215686,2000,0.0626959247648903
      Equipment,,—,,—,,—,,—,,—,,—,,—,,—,,—,,—,,—,,—,,—,,—,,—,,—,,—,,—,,—,,—,,—,,—,,—,,—,,—,,—,,—,,—,,—,,—,,—,,—,,1600,0.055363321799308,1700,0.0705394190871369,1700,0.0682730923694779,1500,0.0570342205323194,—,,1600,0.0650406504065041,1400,0.0549019607843137,1500,0.0470219435736677
      Services,,—,,—,,—,,—,,—,,—,,—,,—,,—,,—,,—,,—,,—,,—,,—,,—,,—,,—,,—,,—,,—,,—,,—,,—,,—,,—,,—,,—,,—,,—,,—,,—,,600,0.0207612456747405,500,0.020746887966805,500,0.0200803212851406,600,0.0228136882129278,—,,600,0.024390243902439,500,0.0196078431372549,500,0.0156739811912226
    Healthcare,,—,,—,,—,,—,,—,,—,,—,,—,,—,,—,,—,,—,,—,,—,,—,,—,,—,,—,,—,,—,,—,,—,,—,,—,,—,,—,,—,,—,,—,,—,,—,,—,,—,,—,,4800,0.192771084337349,—,,—,,—,,—,,—,
    Energy Infrastructure,,—,,—,,—,,—,,—,,—,,—,,—,,—,,—,,—,,—,,—,,—,,—,,—,,—,,—,,—,,—,,—,,—,,—,,—,,—,,9300,0.479381443298969,12700,0.529166666666667,11200,0.5,—,,11700,0.502145922746781,—,,10500,0.486111111111111,—,,—,,—,,—,,—,,—,,—,,—,
      Services,,—,,—,,—,,—,,—,,—,,—,,—,,—,,—,,—,,—,,—,,—,,—,,—,,—,,—,,—,,—,,—,,—,,—,,—,,—,,4700,0.242268041237113,6000,0.25,5000,0.223214285714286,—,,5400,0.23175965665236,—,,5000,0.231481481481481,—,,—,,—,,—,,—,,—,,—,,—,
      Equipment,,—,,—,,—,,—,,—,,—,,—,,—,,—,,—,,—,,—,,—,,—,,—,,—,,—,,—,,—,,—,,—,,—,,—,,—,,—,,4600,0.237113402061856,6700,0.279166666666667,6200,0.276785714285714,—,,6300,0.270386266094421,—,,5500,0.25462962962963,—,,—,,—,,—,,—,,—,,—,,—,
  Energy,,—,,—,,—,,—,,—,,—,,—,,—,,—,,—,,—,,—,,—,,—,,—,,—,,—,,—,,6200,0.35632183908046,6500,0.367231638418079,31700,0.405889884763124,—,,—,,—,,9800,0.388888888888889,—,,—,,—,,—,,—,,—,,—,,—,,—,,—,,—,,—,,—,,—,,—,
    Services,,—,,—,,—,,—,,—,,—,,—,,—,,—,,—,,—,,—,,—,,—,,—,,—,,—,,—,,3200,0.183908045977011,3900,0.220338983050847,—,,—,,—,,—,,5100,0.202380952380952,—,,—,,—,,—,,—,,—,,—,,—,,—,,—,,—,,—,,—,,—,,—,
    Equipment,,—,,—,,—,,—,,—,,—,,—,,—,,—,,—,,—,,—,,—,,—,,—,,—,,—,,—,,3000,0.172413793103448,2600,0.146892655367232,—,,—,,—,,—,,4700,0.186507936507937,—,,—,,—,,—,,—,,—,,—,,—,,—,,—,,—,,—,,—,,—,,—,
Order Rate Growth%,,—,,—,,—,,—,,—,,—,,—,,—,,—,,—,,—,,—,,—,,—,,—,,—,,—,,—,,—,,—,,—,,—,,—,,—,,—,,—,,—,,—,,—,,—,,—,,—,,—,,—,,—,,—,,—,,—,,—,,—,
  Transportation,,—,,—,,—,,—,,—,,—,,—,,—,,—,,—,,—,,-37,,—,,—,,—,,6,,—,,—,,—,,—,,—,,-21,,—,,—,,55,,6,,19,,-29,,-11,,67,,2,,21,,—,,-25,,—,,41,,—,,2,,35,,134,
    Equipment,,—,,—,,—,,—,,—,,70,,-31,,9,,—,,-63,,—,,-62,,-31,,25,,-78,,-39,,—,,-60,,-38,,-23,,—,,0,,0,,0,,65,,-18,,5,,-55,,-45,,0,,-3,,28,,20,,-59,,-45,,65,,—,,—,,40,,300,
    Services,,—,,—,,—,,—,,—,,20,,10,,32,,46,,3,,16,,-12,,-12,,3,,41,,34,,—,,19,,-71,,-43,,—,,-37,,-1,,16,,41,,25,,50,,30,,57,,13,,10,,16,,-3,,31,,7,,8,,—,,-18,,32,,8,
  Aviation,,—,,—,,—,,—,,—,,—,,—,,—,,—,,13,,—,,54,,—,,—,,—,,1,,—,,—,,—,,—,,—,,-11,,—,,—,,32,,14,,37,,14,,18,,8,,5,,-4,,8,,22,,4,,51,,—,,-17,,1,,30,
    Equipment,,—,,—,,—,,—,,—,,—,,—,,37,,—,,-10,,30,,93,,66,,-21,,11,,-8,,—,,-4,,-44,,-37,,—,,-21,,-8,,32,,0,,15,,72,,10,,44,,11,,12,,-4,,13,,47,,7,,92,,—,,-38,,-8,,35,
    Services,,—,,—,,—,,—,,—,,7,,5,,17,,6,,36,,24,,15,,0,,4,,14,,15,,—,,18,,5,,1,,—,,-3,,-5,,-6,,-4,,14,,14,,18,,-9,,6,,-3,,-11,,1,,-2,,1,,9,,—,,10,,13,,20,
  Oil & Gas,,—,,—,,—,,—,,—,,—,,—,,—,,—,,26,,—,,40,,—,,—,,—,,4,,—,,—,,—,,—,,—,,—,,—,,—,,15,,—,,—,,—,,—,,—,,—,,—,,18,,11,,24,,4,,—,,-5,,5,,10,
    Equipment,,—,,—,,—,,—,,—,,38,,25,,28,,5,,12,,54,,56,,90,,7,,-8,,-12,,—,,2,,-7,,6,,—,,—,,—,,—,,23,,—,,—,,—,,—,,—,,—,,—,,31,,24,,42,,3,,—,,-17,,-9,,14,
    Services,,—,,—,,—,,—,,—,,16,,41,,22,,28,,41,,27,,25,,59,,38,,36,,36,,—,,-5,,-15,,-5,,—,,—,,—,,—,,4,,—,,—,,—,,—,,—,,—,,—,,4,,-5,,8,,6,,—,,11,,23,,6,
  Power & Water,,—,,—,,—,,—,,—,,—,,—,,—,,—,,—,,—,,—,,—,,—,,—,,—,,—,,—,,—,,—,,—,,—,,—,,—,,—,,—,,—,,—,,—,,—,,—,,—,,—,,13,,-1,,19,,—,,9,,6,,9,
    Services,,—,,—,,—,,—,,—,,—,,—,,—,,—,,—,,—,,—,,—,,—,,—,,—,,—,,—,,—,,—,,—,,—,,—,,—,,—,,—,,—,,—,,—,,—,,—,,—,,-3,,-19,,2,,4,,—,,23,,12,,10,
    Equipment,,—,,—,,—,,—,,—,,—,,—,,—,,—,,—,,—,,—,,—,,—,,—,,—,,—,,—,,—,,—,,—,,—,,—,,—,,—,,—,,—,,—,,—,,—,,—,,—,,-26,,-6,,-5,,37,,—,,-3,,-1,,8,
  Healthcare,,—,,—,,—,,—,,—,,—,,—,,—,,—,,3,,—,,0,,-1,,2,,—,,9,,—,,—,,—,,—,,—,,5,,—,,—,,2,,9,,9,,10,,0,,6,,1,,-1,,4,,-2,,—,,2,,—,,-1,,0,,1,
    Services,,—,,—,,—,,—,,—,,9,,15,,9,,5,,6,,3,,8,,11,,8,,13,,8,,—,,-2,,-3,,-1,,—,,1,,2,,1,,2,,9,,10,,9,,-1,,0,,-2,,-1,,-1,,-1,,-2,,-4,,—,,-2,,1,,4,
    Equipment,,—,,—,,—,,—,,—,,2,,4,,7,,10,,2,,-2,,-3,,-7,,-1,,8,,9,,—,,-6,,-15,,-13,,—,,—,,9,,8,,1,,9,,9,,13,,1,,12,,4,,-1,,7,,-3,,4,,6,,—,,0,,0,,0,
  Energy Management,,—,,—,,—,,—,,—,,—,,—,,—,,—,,—,,—,,—,,—,,—,,—,,—,,—,,—,,—,,—,,—,,—,,—,,—,,—,,—,,—,,—,,—,,—,,—,,—,,—,,6,,19,,16,,—,,-1,,-14,,-1,
    Equipment,,—,,—,,—,,—,,—,,—,,—,,—,,—,,—,,—,,—,,—,,—,,—,,—,,—,,—,,—,,—,,—,,—,,—,,—,,—,,—,,—,,—,,—,,—,,—,,—,,15,,5,,23,,10,,—,,-6,,-18,,1,
    Services,,—,,—,,—,,—,,—,,—,,—,,—,,—,,—,,—,,—,,—,,—,,—,,—,,—,,—,,—,,—,,—,,—,,—,,—,,—,,—,,—,,—,,—,,—,,—,,—,,5,,12,,8,,39,,—,,15,,-1,,-6,
  Healthcare,,—,,—,,—,,—,,—,,—,,—,,—,,—,,—,,—,,—,,—,,—,,—,,—,,—,,—,,—,,—,,—,,—,,—,,—,,—,,—,,—,,—,,—,,—,,—,,—,,—,,—,,2,,—,,—,,—,,—,,—,
  Services,,—,,—,,—,,—,,—,,—,,—,,—,,—,,—,,—,,—,,—,,—,,—,,—,,—,,—,,—,,—,,—,,—,,—,,—,,—,,13,,16,,-6,,—,,19,,—,,-3,,—,,—,,—,,—,,—,,—,,—,,—,
  Equipment,,—,,—,,—,,—,,—,,—,,—,,—,,—,,—,,—,,—,,—,,—,,—,,—,,—,,—,,—,,—,,—,,—,,—,,—,,—,,18,,39,,72,,—,,39,,—,,-12,,—,,—,,—,,—,,—,,—,,—,,—,
  Energy Infrastructure,,—,,—,,—,,—,,—,,—,,—,,—,,—,,—,,—,,—,,—,,—,,—,,—,,—,,—,,—,,—,,—,,—,,—,,—,,—,,—,,—,,—,,—,,21,,—,,—,,—,,—,,—,,—,,—,,—,,—,,—,
  Energy,,—,,—,,—,,—,,—,,—,,—,,—,,—,,—,,—,,—,,—,,—,,—,,18,,—,,—,,—,,—,,—,,—,,—,,—,,1,,—,,—,,—,,—,,—,,—,,—,,—,,—,,—,,—,,—,,—,,—,,—,
    Services,,—,,—,,—,,—,,—,,37,,16,,24,,7,,-4,,5,,-9,,2,,-2,,19,,14,,—,,—,,12,,9,,—,,—,,—,,—,,10,,—,,—,,—,,—,,—,,—,,—,,—,,—,,—,,—,,—,,—,,—,,—,
    Equipment,,—,,—,,—,,—,,—,,60,,41,,11,,24,,17,,72,,—,,56,,59,,47,,21,,—,,—,,-62,,-50,,—,,—,,—,,—,,-8,,—,,—,,—,,—,,—,,—,,—,,—,,—,,—,,—,,—,,—,,—,,—,
Source: Bloomberg,,,,,,,,,,,,,,,,,,,,,,,,,,,,,,,,,,,,,,,,,,,,,,,,,,,,,,,,,,,,,,,,,,,,,,,,,,,,,,,,,
