Unnamed: 0,Unnamed: 1,Unnamed: 2,Unnamed: 3,Unnamed: 4,Unnamed: 5,Unnamed: 6,Unnamed: 7,Unnamed: 8,Unnamed: 9,Unnamed: 10,Unnamed: 11,Unnamed: 12,Unnamed: 13,Unnamed: 14,Unnamed: 15,Unnamed: 16,Unnamed: 17,Unnamed: 18,Unnamed: 19,Unnamed: 20,Unnamed: 21,Unnamed: 22,Unnamed: 23,Unnamed: 24,Unnamed: 25,Unnamed: 26,Unnamed: 27,Unnamed: 28,Unnamed: 29,Unnamed: 30,Unnamed: 31,Unnamed: 32,Unnamed: 33,Unnamed: 34,Unnamed: 35,Unnamed: 36,Unnamed: 37,Unnamed: 38,Unnamed: 39,Unnamed: 40,Unnamed: 41,Unnamed: 42,Unnamed: 43,Unnamed: 44,Unnamed: 45,Unnamed: 46,Unnamed: 47
Vulcan Materials Co (VMC US) - By Measure,,,,,,,,,,,,,,,,,,,,,,,,,,,,,,,,,,,,,,,,,,,,,,,
,,,,,,,,,,,,,,,,,,,,,,,,,,,,,,,,,,,,,,,,,,,,,,,
date,,FY 2001,,FY 2002,,FY 2003,,FY 2004,,FY 2005,,FY 2006,,FY 2007,,FY 2008,,FY 2009,,FY 2010,,FY 2011,,FY 2012,,FY 2013,,FY 2014,,FY 2015,,FY 2016,,FY 2017,,FY 2018,,FY 2019,,FY 2020,,FY 2021,,FY 2022,,FY 2023,
date,,12/31/2001,,12/31/2002,,12/31/2003,,12/31/2004,,12/31/2005,,12/31/2006,,12/31/2007,,12/31/2008,,12/31/2009,,12/31/2010,,12/31/2011,,12/31/2012,,12/31/2013,,12/31/2014,,12/31/2015,,12/31/2016,,12/31/2017,,12/31/2018,,12/31/2019,,12/31/2020,,12/31/2021,,12/31/2022,,12/31/2023,
Revenue,,3019.989,1.0,2648.051,1.0,2892.186,1.0,2454.335,1.0,2895.327,1.0,3342.475,1.0,3327.787,1.0,3651.438,1.0,2690.49,1.0,2558.862,1.0,2564.55,1.0,2567.31,1.0,2770.709,1.0,2994.169,1.0,3422.181,1.0,3592.667,1.0,3890.296,1.0,4382.869,1.0,4929.1,1.0,4856.826,1.0,5552.2,1.0,7315.2,1.0,7781.9,1.0
  Aggregates,,1483,0.53823540086379,1397.8,0.549212211700915,1507.4,0.575607148312204,1622.1,0.732920657870956,1884,0.720458891013384,2280.2,0.749794482259709,2448.2,0.758379282572331,2406.8,0.647947233813434,1838.6,0.669994898331025,1766.9,0.67952465194985,1734,0.672197239882152,1581.189,0.655756802611765,2025,0.674235866018513,2346.411,0.734909970505392,2777.758,0.768121985522211,2961.835,0.776746399939158,3096.094,0.747189496803907,3513.649,0.754497373811988,3990.3,0.760071620411817,3944.286,0.769132339669765,4345,0.736877808869668,5272.8,0.670438796139713,5909.9,0.711273453766443
  Concrete,,186.2,0.0675788480383261,181.8,0.0714313779419276,207.9,0.0793875057278143,225,0.101662750768119,252.1,0.0964053537284895,—,,—,,—,,439.4,0.160119524815976,383.2,0.14737327897854,374.7,0.145255078306714,406.37,0.168531334253744,471.7,0.157055337284411,375.806,0.117704688724929,299.252,0.0827509237347143,330.125,0.0865758576287722,417.745,0.100815632969266,401.999,0.0863225637435741,395.6,0.0753538162631669,383.617,0.0748049813697831,766.8,0.130043245993386,1593.9,0.202665073047923,1249.3,0.150356846273273
  Asphalt,,342.8,0.124414764272493,304.7,0.119720246748654,287.7,0.109859477623339,286.5,0.129450569311404,375.3,0.143518164435946,—,,—,,—,,393.7,0.14346621966329,369.9,0.142258287824014,399,0.15467514343309,378.126,0.156817873602951,407.7,0.135746154358394,445.538,0.139545168531443,530.692,0.1467500742472,512.31,0.134354191963033,622.074,0.15012695319806,733.182,0.157438575545315,855.8,0.163012628811977,792.605,0.154557285674506,777.8,0.131908759433562,990.2,0.125904357445294,1140.7,0.137286524088628
  Calcium,,—,,—,,—,,—,,—,,—,,14.1,0.00436775912273093,106.5,0.0286714228025306,72.5,0.0264193571897092,80.2,0.0308437812475963,71.9,0.0278725383780431,45.558,0.0188939895315404,99,0.0329626423386828,25.032,0.00784017223823575,8.596,0.00237701649587506,8.86,0.00232355046903725,7.74,0.00186791702876665,8.11,0.0017414868991226,8.2,0.00156193451303834,7.72,0.00150539328594594,6.9,0.00117018570338336,7.8,0.000991773367070581,9,0.00108317587165569
  Corporate,,—,,—,,—,,—,,—,,—,,—,,—,,—,,—,,—,,—,,—,,—,,—,,—,,—,,—,,-320.8,,-271.402,,-344.3,,-549.5,,-527,
  Adjustment,,264.689,,102.951,,273.386,,241.135,,280.327,,301.375,,99.587,,-63.062,,-53.71,,-41.338,,-15.05,,156.067,,-232.691,,—,,—,,—,,—,,—,,—,,—,,—,,—,,—,
  Construction Materials,,2113.6,0.767103400718615,1980.6,0.778201249459746,2086.9,0.796891706124943,2213.2,1.0,2615,1.0,—,,—,,—,,—,,—,,—,,—,,—,,—,,—,,—,,—,,—,,—,,—,,—,,—,,—,
    Other,,101.6,0.0368743875440061,96.3,0.0378374130682488,83.9,0.0320375744615855,79.6,0.0359660220495211,103.6,0.0396175908221797,—,,—,,—,,—,,—,,—,,—,,—,,—,,—,,—,,—,,—,,—,,—,,—,,—,,—,
  Chemicals,,641.7,0.232896599281385,564.5,0.221798750540254,531.9,0.203108293875057,—,,—,,—,,—,,—,,—,,—,,—,,—,,—,,—,,—,,—,,—,,—,,—,,—,,—,,—,,—,
    Performance Chemicals,,163.4,0.0593038870540413,150.6,0.0591725276020588,—,,—,,—,,—,,—,,—,,—,,—,,—,,—,,—,,—,,—,,—,,—,,—,,—,,—,,—,,—,,—,
    Chloralkali-Organic,,213.5,0.0774870250063514,215.9,0.0848296727044124,240.6,0.0918741408278601,—,,—,,—,,—,,—,,—,,—,,—,,—,,—,,—,,—,,—,,—,,—,,—,,—,,—,,—,,—,
    Chloralkali-Inorganic,,264.8,0.0961056872209923,198,0.0777965502337826,291.3,0.111234153047197,—,,—,,—,,—,,—,,—,,—,,—,,—,,—,,—,,—,,—,,—,,—,,—,,—,,—,,—,,—,
  Reconciliation,,—,,—,,—,,—,,—,,—,,—,,—,,—,,—,,—,,—,,—,,-198.618,,-194.117,,-220.463,,-253.357,,-274.071,,—,,—,,—,,—,,—,
  Asphalt Mix and Concrete,,—,,—,,—,,—,,—,,760.9,0.250205517740291,765.9,0.237252958304938,1201.2,0.323381343384036,—,,—,,—,,—,,—,,—,,—,,—,,—,,—,,—,,—,,—,,—,,—,
Intersegment Revenue,,—,,—,,—,,—,,—,,—,,—,,-261.378,,-200.5,,-194.3,,-172.7,,-187.2,,-232.7,,-198.618,,-194.117,,-220.463,,-253.357,,-274.071,,-320.8,,-271.4,,344.3,1.0,-549.5,,-527,
  Calcium,,—,,—,,—,,—,,—,,—,,—,,-54.631,0.209011469978346,-35.2,0.175561097256858,-40.2,0.206896551724138,-30.1,0.174290677475391,-39,0.208333333333333,-47.3,0.203266007735282,-9.225,0.0464459414554572,0,,0,,0,,0,,0,,0,,0,,0,,0,
  Asphalt,,—,,—,,—,,—,,—,,—,,—,,—,,0,,0,,0,,0,,0,,0,,0,,0,,0,,0,,0,,0,,0,,0,,0,
  Concrete,,—,,—,,—,,—,,—,,—,,—,,—,,-0.1,0.000498753117206983,0,,0,,0,,0,,0,,0,,0,,0,,0,,0,,0,,0,,0,,0,
  Aggregates,,—,,—,,—,,—,,—,,—,,—,,-206.187,0.788846039069853,-165.2,0.823940149625935,-154.1,0.793103448275862,-142.6,0.825709322524609,-148.2,0.791666666666667,-185.4,0.796733992264719,-189.393,0.953554058544543,-194.117,1.0,-220.463,1.0,-253.357,1.0,-274.071,1.0,-320.8,1.0,-271.4,1.0,344.3,1.0,-549.5,1.0,-527,1.0
  Asphalt Mix and Concrete,,—,,—,,—,,—,,—,,—,,—,,-0.56,0.00214249095180161,—,,—,,—,,—,,—,,—,,—,,—,,—,,—,,—,,—,,—,,—,,—,
Revenue Including Intersegment Revenue,,—,,—,,—,,—,,—,,—,,—,,—,,—,,—,,—,,2754.5,1.0,3003.4,1.0,3192.787,1.0,3616.298,1.0,3813.13,1.0,4143.653,1.0,4656.94,1.0,5249.9,1.0,5128.2,1.0,5896.5,1.0,7864.7,1.0,8308.9,1.0
  Aggregates,,—,,—,,—,,—,,—,,—,,—,,—,,—,,—,,—,,1863.9,0.676674532583046,2025,0.674235866018513,2346.411,0.734909970505392,2777.758,0.768121985522211,2961.835,0.776746399939158,3096.094,0.747189496803907,3513.649,0.754497373811988,3990.3,0.760071620411817,3944.3,0.769139269139269,4345,0.736877808869668,5272.8,0.670438796139713,5909.9,0.711273453766443
  Concrete,,—,,—,,—,,—,,—,,—,,—,,—,,—,,—,,—,,406.4,0.147540388455255,471.7,0.157055337284411,375.806,0.117704688724929,299.252,0.0827509237347143,330.125,0.0865758576287722,417.745,0.100815632969266,401.999,0.0863225637435741,395.6,0.0753538162631669,383.6,0.0748020748020748,766.8,0.130043245993386,1593.9,0.202665073047923,1249.3,0.150356846273273
  Asphalt,,—,,—,,—,,—,,—,,—,,—,,—,,—,,—,,—,,398.4,0.144636050099837,407.7,0.135746154358394,445.538,0.139545168531443,530.692,0.1467500742472,512.31,0.134354191963033,622.074,0.15012695319806,733.182,0.157438575545315,855.8,0.163012628811977,792.6,0.154557154557155,777.8,0.131908759433562,990.2,0.125904357445294,1140.7,0.137286524088628
  Calcium,,—,,—,,—,,—,,—,,—,,—,,—,,—,,—,,—,,85.8,0.0311490288618624,99,0.0329626423386828,25.032,0.00784017223823575,8.596,0.00237701649587506,8.86,0.00232355046903725,7.74,0.00186791702876665,8.11,0.0017414868991226,8.2,0.00156193451303834,7.7,0.0015015015015015,6.9,0.00117018570338336,7.8,0.000991773367070581,9,0.00108317587165569
Gross Profit,,361.3,1.0,309.1,1.0,361,1.0,931.9,1.0,708.8,1.0,931.9,1.0,950.9,1.0,749.7,1.0,446,1.0,300.7,1.0,283.9,1.0,334,1.0,426.9,1.0,587.582,1.0,857.533,1.0,1000.817,1.0,993.513,1.0,1100.945,1.0,1255.9,1.0,1281.5,1.0,1373.4,1.0,1557.7,1.0,1948.5,1.0
  Aggregates,,—,,—,,—,,—,,650,0.917042889390519,819,0.878849661980899,828.7,0.871490167210011,657.6,0.877150860344138,393.3,0.881838565022422,320.2,1.0648486863984,306.2,1.07854878478337,352.1,1.05419161676647,413.3,0.968142422112907,544.07,0.925947357134834,755.666,0.881209236262628,873.118,0.872405244914904,854.524,0.860103491348377,991.858,0.90091512291713,1146.6,0.912970777928179,1159.2,0.904564962934062,1295.7,0.943425076452599,1408.5,0.904217756949348,1733.6,0.889710033358994
  Asphalt,,—,,—,,—,,—,,—,,—,,—,,—,,69,0.154708520179372,29.3,0.0974393082806784,25.6,0.0901725959845016,22.9,0.068562874251497,32.7,0.0765987350667604,38.08,0.0648079757378545,78.225,0.0912209792509443,97.682,0.0976022589544342,91.313,0.0919092150782124,56.48,0.0513013819945592,63,0.0501632295564934,75.2,0.05868123293016,21.2,0.0154361438765108,57.3,0.0367850035308468,149.6,0.0767770079548371
  Concrete,,—,,—,,—,,—,,—,,—,,—,,—,,-14.5,-0.0325112107623318,-45,-0.149650814765547,-43.4,-0.152870729129975,-38.2,-0.11437125748503,-24.8,-0.058093230264699,2.233,0.00380032063609845,20.152,0.023499970263535,26.543,0.0265213320716974,45.201,0.0454961334174792,49.893,0.045318340153232,43.2,0.0343976431244526,44.2,0.0344908310573547,54.3,0.0395369156837047,89.3,0.0573281119599409,62.1,0.0318706697459584
  Calcium,,—,,—,,—,,—,,0,,0,,0,,17.7,0.023609443777511,-1.8,-0.00403587443946188,-3.8,-0.0126371799135351,-4.5,-0.0158506516379007,-2.8,-0.00838323353293413,5.7,0.0133520730850316,3.199,0.00544434649121314,3.49,0.00406981422289288,3.474,0.00347116405896383,2.475,0.00249116015593153,2.714,0.0024651549350785,3.1,0.00246834939087507,2.9,0.00226297307842372,2.2,0.00160186398718509,2.6,0.0016691275598639,3.2,0.00164228894021042
  Construction Materials,,380.9,1.05424854691392,383.2,1.23972824328696,388.7,1.07673130193906,630,0.676038201523769,—,,—,,—,,—,,—,,—,,—,,—,,—,,—,,—,,—,,—,,—,,—,,—,,—,,—,,—,
  Chemicals,,-19.6,-0.054248546913922,-74.1,-0.239728243286962,-27.7,-0.0767313019390582,301.9,0.323961798476231,—,,—,,—,,—,,—,,—,,—,,—,,—,,—,,—,,—,,—,,—,,—,,—,,—,,—,,—,
  Asphalt Mix and Concrete,,—,,—,,—,,—,,58.8,0.0829571106094808,112.9,0.121150338019101,122.2,0.128509832789988,74.4,0.0992396958783513,—,,—,,—,,—,,—,,—,,—,,—,,—,,—,,—,,—,,—,,—,,—,
Gross Margin,,—,,—,,—,,—,,—,,—,,—,,—,,—,,—,,—,,—,,—,,—,,—,,—,,—,,—,,—,,—,,—,,—,,—,
  Calcium,,—,,—,,—,,—,,—,,—,,—,,—,,—,,—,,—,,—,,—,,—,,—,,—,,—,,—,,—,,—,,31.88,,33.33,,35.55,
  Aggregates,,—,,—,,—,,—,,—,,—,,—,,—,,—,,—,,—,,—,,—,,—,,—,,—,,—,,—,,—,,—,,29.82,,26.71,,29.33,
  Asphalt,,—,,—,,—,,—,,—,,—,,—,,—,,—,,—,,—,,—,,—,,—,,—,,—,,—,,—,,—,,—,,2.72,,5.78,,13.11,
  Concrete,,—,,—,,—,,—,,—,,—,,—,,—,,—,,—,,—,,—,,—,,—,,—,,—,,—,,—,,—,,—,,7.08,,5.6,,4.97,
Gross Profit Per Unit,,—,,—,,—,,—,,—,,—,,—,,—,,—,,—,,—,,—,,—,,—,,—,,—,,—,,—,,—,,—,,—,,—,,—,
  Asphalt,,—,,—,,—,,—,,—,,—,,—,,—,,—,,—,,—,,—,,—,,—,,—,,—,,—,,—,,—,,—,,—,,—,,13.81,
  Aggregates,,—,,—,,—,,—,,—,,—,,—,,—,,—,,—,,—,,—,,—,,—,,—,,6.12,,6.03,,6.32,,6.74,,7.11,,7.43,,7.83,,9.46,
Goodwill,,—,,575.791,1.0,579.817,1.0,600.181,1.0,617.083,1.0,620.189,1.0,3789.091,1.0,3085.468,1.0,3093.979,1.0,3097.016,1.0,3086.716,1.0,3086.716,1.0,3081.521,1.0,3094.824,1.0,3094.824,1.0,3094.824,1.0,3122.321,1.0,3165.396,1.0,3167,1.0,3172.112,1.0,3696.7,1.0,3689.6,1.0,3531.7,1.0
  Aggregates,,—,,—,,—,,—,,525.45,0.851506199328129,528.556,0.85224987866602,3399.796,0.897258999585917,2993.835,0.970301750010047,3002.346,0.970383444748655,3005.383,0.970412487374944,2995.083,0.970313757404309,2995.083,0.970313757404309,2989.888,0.970263710680537,3003.191,0.970391531150075,3003.191,0.970391531150075,3003.191,0.970391531150075,3030.688,0.970652280787273,3073.763,0.971051647250455,3075.4,0.971076728765393,3080.479,0.971112936743722,3316.6,0.897178564665783,3330.3,0.902618169991327,3330.2,0.942945323781748
  Concrete,,—,,—,,—,,—,,—,,—,,—,,—,,0,,0,,0,,0,,0,,0,,0,,0,,0,,0,,0,,0,,288.5,0.0780425785159737,267.7,0.0725552905464007,109.9,0.0311181583939746
  Asphalt,,—,,—,,—,,—,,—,,—,,—,,—,,91.633,0.0296165552513446,91.633,0.0295875126250559,91.633,0.0296862425956907,91.633,0.0296862425956907,91.633,0.0297362893194627,91.633,0.0296084688499249,91.633,0.0296084688499249,91.633,0.0296084688499249,91.633,0.0293477192127267,91.633,0.0289483527495454,91.6,0.0289232712346069,91.633,0.0288870632562785,91.6,0.0247788568182433,91.6,0.0248265394622723,91.6,0.0259365178242773
  Calcium,,—,,—,,—,,—,,0,,0,,297.662,0.0785576276737613,0,,0,,0,,0,,0,,0,,0,,0,,0,,0,,0,,0,,0,,0,,0,,0,
  Construction Materials,,—,,575.416,0.999348722018927,579.442,0.99935324421326,600.181,1.0,—,,—,,—,,—,,—,,—,,—,,—,,—,,—,,—,,—,,—,,—,,—,,—,,—,,—,,—,
  Chemicals,,—,,0.375,0.000651277981072993,0.375,0.000646755786739609,0,,—,,—,,—,,—,,—,,—,,—,,—,,—,,—,,—,,—,,—,,—,,—,,—,,—,,—,,—,
  Asphalt Mix and Concrete,,—,,—,,—,,—,,91.633,0.148493800671871,91.633,0.14775012133398,91.633,0.0241833727403221,91.633,0.0296982499899529,—,,—,,—,,—,,—,,—,,—,,—,,—,,—,,—,,—,,—,,—,,—,
Assets,,3413.256,1.0,3448.221,1.0,3636.86,1.0,—,,3588.884,1.0,3427.834,1.0,8936.37,1.0,8914.169,1.0,8524.871,1.0,8339.536,1.0,8229.314,1.0,8126.599,1.0,8259.143,1.0,8041.097,1.0,8301.632,1.0,8471.475,1.0,9504.891,1.0,9832.13,1.0,—,,—,,—,,—,,—,
  Adjustment,,207.256,,232.521,,497.96,,—,,448.684,,55.334,,34.87,,7.769,,11.871,,47.536,,155.814,,275.499,,219.767,,141.273,,285.21,,268.019,,146.646,,44.404,,—,,—,,—,,—,,—,
  Construction Materials,,2594.9,0.80938864628821,2635.9,0.819697111048916,2620.1,0.834719169135684,—,,—,,—,,—,,—,,—,,—,,—,,—,,—,,—,,—,,—,,—,,—,,—,,—,,—,,—,,—,
  Aggregates,,—,,—,,—,,—,,2556.5,0.892445716679467,2889.2,0.90211384144628,7207.8,0.831224845178924,7530.6,0.862275860489615,7210.7,0.865931716924259,6984.5,0.860774937763427,6837,0.859913467827137,6717.3,0.867128804895051,7006.724,0.877467214532341,7311.336,0.936351274268006,7540.273,0.943042071035511,7589.225,0.943186064873221,8409.505,0.922871394197266,8887.749,0.91763469467445,—,,—,,—,,—,,—,
  Chemicals,,611.1,0.19061135371179,579.8,0.180302888951084,518.8,0.165280830864316,—,,—,,—,,—,,—,,—,,—,,—,,—,,—,,—,,—,,—,,—,,—,,—,,—,,—,,—,,—,
  Calcium,,—,,—,,—,,—,,0,,0,,587.9,0.067798369333318,435.2,0.0498316806741933,446.9,0.0536681437715411,435,0.0536097212294496,417.8,0.0525481712532072,398.1,0.0513902873518705,413.296,0.0517579527747002,5.818,0.000745102087182323,5.509,0.000688996110530034,4.959,0.000616302678561553,4.428,0.000485935204688682,3.942,0.00040700023891389,—,,—,,—,,—,,—,
  Corporate,,—,,—,,—,,—,,275.6,,169.8,,230.2,,173,,185.9,,177.8,,122.7,,104.5,,54.207,,91.498,,20.731,,157.085,,245.919,,102.228,,—,,—,,—,,—,,—,
  Asphalt,,—,,—,,—,,—,,—,,—,,—,,—,,220.6,0.0264918158782769,211.5,0.0260654161839738,234.9,0.0295441968103839,218.9,0.0282575581545452,195.046,0.0244260328115786,264.172,0.0338320915392108,251.716,0.0314814566996148,259.514,0.0322523035539873,426.575,0.0468129652077856,527.226,0.0544345783768682,—,,—,,—,,—,,—,
  Concrete,,—,,—,,—,,—,,—,,—,,—,,—,,448.9,0.0539083234259226,483.2,0.0595499248231495,461.1,0.057994164109272,412.3,0.0532233495985336,370.103,0.0463487998813801,227,0.0290715321056011,198.193,0.0247874761543436,192.673,0.0239453288942307,271.818,0.0298297053902593,266.581,0.0275237267097675,—,,—,,—,,—,,—,
  Asphalt Mix and Concrete,,—,,—,,—,,—,,308.1,0.107554283320533,313.5,0.0978861585537203,875.6,0.100976785487758,767.6,0.0878924588361921,—,,—,,—,,—,,—,,—,,—,,—,,—,,—,,—,,—,,—,,—,,—,
Number of Units Sold,,—,,—,,—,,—,,—,,—,,—,,—,,—,,226.93,1.0,230.78,1.0,235.73,1.0,241.78,1.0,—,,—,,—,,—,,—,,—,,—,,—,,—,,—,
  Aggregates,,—,,—,,—,,—,,—,,—,,—,,—,,—,,10.13,0.0446393160886617,10.25,0.044414593985614,10.44,0.0442879565604717,10.8,0.0446687070890893,—,,—,,—,,—,,—,,—,,—,,—,,—,,—,
  Calcium,,—,,—,,—,,—,,—,,—,,—,,—,,—,,79.27,0.349314766668136,73.66,0.319178438339544,77.77,0.32991133924405,83.05,0.343494085532302,—,,—,,—,,—,,—,,—,,—,,—,,—,,—,
  Asphalt,,—,,—,,—,,—,,—,,—,,—,,—,,—,,50.58,0.222888115277839,54.71,0.237065603605165,55.33,0.234717685487634,54.83,0.226776408305071,—,,—,,—,,—,,—,,—,,—,,—,,—,,—,
  Concrete,,—,,—,,—,,—,,—,,—,,—,,—,,—,,86.95,0.383157801965364,92.16,0.399341364069677,92.19,0.391083018707844,93.1,0.385060799073538,—,,—,,—,,—,,—,,—,,—,,—,,—,,—,
Shipments/Sales (in Short Tons),,—,,—,,—,,—,,—,,—,,—,,—,,—,,—,,—,,—,,—,,—,,—,,—,,—,,—,,—,,—,,—,,—,,—,
  Aggregates,,—,,—,,—,,—,,—,,255409,,231226,,204252,,150863,,147593,,143031,,140960,,145925,,162376,,178272,,181374,,183179,,201375,,215465,,208295,,222863,,236345,,234300,
  Asphalt,,—,,—,,—,,—,,—,,—,,—,,—,,7415,,7166,,7208,,6701,,6869,,7411,,9658,,9353,,10892,,11318,,12665,,11835,,11392,,12156,,13400,
  Concrete,,—,,—,,—,,—,,—,,—,,—,,—,,—,,—,,—,,—,,—,,—,,—,,—,,4995.2,,4512.2,,4345.6,,4131.4,,7862.4,,14747.6,,7500,
  Calcium,,—,,—,,—,,—,,—,,0,,142,,1039,,631,,835,,793,,939,,327,,335,,321,,326,,273,,285,,294,,282,,246,,228,,—,
  Asphalt Mix and Concrete,,—,,—,,—,,—,,11698,,11599,,10535,,9538,,—,,—,,—,,—,,—,,—,,—,,—,,—,,—,,—,,—,,—,,—,,—,
Shipment/Sales in Cubic Feet,,—,,—,,—,,—,,—,,—,,—,,—,,—,,—,,—,,—,,—,,—,,—,,—,,—,,—,,—,,—,,—,,—,,—,
  Aggregates,,—,,—,,—,,—,,—,,—,,—,,—,,—,,—,,—,,—,,—,,—,,—,,—,,—,,—,,215465,,208295,,222863,,236345,,234300,
  Asphalt,,—,,—,,—,,—,,—,,—,,—,,—,,—,,—,,—,,—,,—,,—,,—,,—,,—,,—,,12665,,11835,,11392,,12156,,13400,
  Concrete,,—,,—,,—,,—,,3.238,,—,,—,,—,,4.337,,4.138,,3.883,,4.223,,4.798,,3.732,,2.81,,3,,—,,—,,3104,,2951,,5616,,10534,,7500,
  Calcium,,—,,—,,—,,—,,—,,—,,—,,—,,—,,—,,—,,—,,—,,—,,—,,—,,—,,—,,294,,282,,246,,228,,—,
Depreciation and Amortization,,278.2,1.0,267.7,1.0,277.091,1.0,—,,222.4,1.0,226.4,1.0,271.5,1.0,389.1,1.0,394.6,1.0,382.1,1.0,361.7,1.0,332,1.0,307.108,1.0,279.497,1.0,274.823,1.0,284.94,1.0,305.965,1.0,346.246,1.0,374.6,1.0,396.8,1.0,463,1.0,587.5,1.0,617,1.0
  Aggregates,,—,,—,,—,,—,,206.4,0.938181818181818,210.3,0.937165775401069,246.9,0.917502787068004,310.8,0.804347826086956,312.2,0.801129073646395,288.6,0.755299659774928,267,0.738180812828311,240.7,0.725,224.808,0.732016098571187,227.042,0.812323566979252,228.466,0.831320522663678,236.472,0.829901031796167,245.151,0.801238703773307,281.641,0.813413006937264,305.1,0.814468766684464,321.1,0.809223790322581,360.4,0.778401727861771,441.1,0.750808510638298,482.2,0.781523500810373
  Concrete,,—,,—,,—,,—,,—,,—,,—,,—,,52.6,0.134975622273544,50.5,0.132164354880921,47.7,0.131877246336743,41.3,0.124397590361446,32.996,0.107441030516952,19.892,0.0711707102401815,11.374,0.0413866379451502,12.129,0.0425668561802485,13.822,0.0451751017273217,12.539,0.0362141367698111,13.6,0.0363053924185798,16,0.0403225806451613,41.5,0.0896328293736501,83.1,0.141446808510638,72.8,0.117990275526742
  Asphalt,,—,,—,,—,,—,,—,,—,,—,,—,,8.6,0.0220682576340775,8.4,0.0219837738811829,7.7,0.0212883605197678,8.7,0.0262048192771084,8.697,0.0283190278338565,10.719,0.0383510377571137,16.378,0.059594720965858,16.797,0.0589492524742051,25.4,0.0830160312454039,31.29,0.0903692750241158,35.2,0.0939668980245595,35,0.0882056451612903,36,0.0777537796976242,35.1,0.0597446808510638,35.6,0.0576985413290113
  Other,,—,,—,,—,,—,,—,,—,,—,,—,,—,,14.5,0.0379481811044229,21.5,0.0594415261266243,23.2,0.0698795180722891,22.514,0.0733097151490681,20.29,0.0725946969019345,17.926,0.0652274372960051,18.768,0.0658664982101495,20.915,0.0683574918699851,20.504,0.0592180126268607,20.5,0.0547250400427122,24.5,0.0617439516129032,24.9,0.0537796976241901,28,0.0476595744680851,26.2,0.0424635332252836
  Calcium,,—,,—,,—,,—,,0,,0,,1.9,0.00706057227796358,14.6,0.0377846790890269,16.3,0.0418270464459841,20.1,0.0526040303585449,17.8,0.0492120541885541,18.1,0.0545180722891566,18.093,0.058914127928937,1.554,0.0055599881215183,0.679,0.00247068112930868,0.774,0.00271636133922931,0.677,0.00221267138398183,0.272,0.00078556864194821,0.2,0.000533902829684997,0.2,0.000504032258064516,0.2,0.000431965442764579,0.2,0.000340425531914894,0.2,0.000324149108589951
  Construction Materials,,212.5,0.763838964773544,204.8,0.765035487485992,215.7,0.80515117581187,—,,—,,—,,—,,—,,—,,—,,—,,—,,—,,—,,—,,—,,—,,—,,—,,—,,—,,—,,—,
  Chemicals,,65.7,0.236161035226456,62.9,0.234964512514008,52.2,0.19484882418813,—,,—,,—,,—,,—,,—,,—,,—,,—,,—,,—,,—,,—,,—,,—,,—,,—,,—,,—,,—,
  Corporate,,—,,—,,—,,—,,2.4,,2,,2.4,,2.7,,4.9,,—,,—,,—,,—,,—,,—,,—,,—,,—,,—,,—,,—,,—,,—,
  Reconciliation,,—,,—,,9.191,,—,,—,,—,,—,,—,,—,,—,,—,,—,,—,,—,,—,,—,,—,,—,,—,,—,,—,,—,,—,
  Asphalt Mix and Concrete,,—,,—,,—,,—,,13.6,0.0618181818181818,14.1,0.0628342245989305,20.3,0.075436640654032,61,0.157867494824017,—,,—,,—,,—,,—,,—,,—,,—,,—,,—,,—,,—,,—,,—,,—,
Capital Expenditures,,-288.2,,-249.6,,-200.1,,—,,-229.4,,-458.9,,-480.5,,-354.2,,-106.5,,-79.4,,-97.9,,-95.8,,-284.6,,-223.097,,-289.262,,-344.941,,-464.233,,-475.229,,-404.3,,-363.4,,-450.5,,-644.1,,-828.5,
  Calcium,,—,,—,,—,,—,,0,,0,,-10.3,0.0214807090719499,-60.2,0.176281112737921,-22.4,0.218963831867058,-7.3,0.0959264126149803,-3.2,0.0343347639484979,-1.2,0.0126849894291755,-0.2,0.000705716302046577,-0.201,0.000911295989844264,0,,-0.534,0.00158306652436855,-0.078,0.000169486737662778,-0.022,4.65468578755168e-05,0,,0,,0,,-0.1,0.000162839928350432,0,
  Corporate,,—,,—,,—,,—,,-0.6,,-2.8,,-1,,-12.7,,-4.2,,-3.3,,-4.7,,-1.2,,-1.2,,-2.532,,-7.846,,-7.621,,-4.02,,-2.587,,-0.2,,0,,0,,-30,,-0.9,
  Concrete,,—,,—,,—,,—,,—,,—,,—,,—,,-0.2,0.00195503421309873,-3.7,0.0486202365308804,-6.3,0.0675965665236052,-9.2,0.0972515856236787,-13.1,0.0462244177840508,-19.542,0.0885997325051572,-19.053,0.0677040395713108,-10.047,0.0297847741017431,-25.176,0.0547051039410012,-12.291,0.0260048831885444,-11.6,0.0287057658995298,-11.7,0.0321959273527793,-18.1,0.0401775804661487,-50.4,0.0820713238886175,-15.8,0.0190913484775254
  Asphalt,,—,,—,,—,,—,,—,,—,,—,,—,,-5.1,0.0498533724340176,-4.5,0.0591327201051248,-16.1,0.17274678111588,-7.2,0.0761099365750529,-17.1,0.0603387438249824,-20.796,0.0942851313671707,-8.111,0.0288220996673963,-29.002,0.0859777066287205,-12.97,0.0281826024036696,-38.154,0.0807249461537485,-9.1,0.0225191784211829,-19.8,0.0544854155200881,-9.3,0.0206437291897891,-23.3,0.0379417033056506,-46.9,0.0566698888351861
  Aggregates,,—,,—,,—,,—,,-213.6,0.933566433566434,-425.5,0.932909449682087,-445,0.928050052137643,-267.7,0.78389458272328,-74.6,0.729227761485826,-60.6,0.796320630749014,-67.6,0.725321888412017,-77,0.813953488372093,-253,0.89273112208892,-180.026,0.816203840137828,-254.252,0.903473860761293,-297.737,0.882654452745168,-421.989,0.916942806917666,-422.175,0.893223623799832,-383.4,0.948775055679287,-331.9,0.913318657127133,-423.1,0.939178690344062,-540.3,0.879824132877382,-764.9,0.924238762687288
  Construction Materials,,-230.6,0.800138792505205,-206.7,0.828125,-164.9,0.824087956021989,—,,—,,—,,—,,—,,—,,—,,—,,—,,—,,—,,—,,—,,—,,—,,—,,—,,—,,—,,—,
  Chemicals,,-57.6,0.199861207494795,-42.9,0.171875,-35.2,0.175912043978011,—,,—,,—,,—,,—,,—,,—,,—,,—,,—,,—,,—,,—,,—,,—,,—,,—,,—,,—,,—,
  Asphalt Mix and Concrete,,—,,—,,—,,—,,-15.2,0.0664335664335664,-30.6,0.0670905503179127,-24.2,0.0504692387904067,-13.6,0.0398243045387994,—,,—,,—,,—,,—,,—,,—,,—,,—,,—,,—,,—,,—,,—,,—,
Number of Employees,,9297,1.0,8933,1.0,8610,1.0,8410,1.0,5051,1.0,—,,—,,—,,—,,—,,—,,—,,—,,—,,—,,—,,—,,—,,—,,—,,—,,—,,—,
  Construction Materials,,7761,0.834785414649887,7467,0.835889398858166,7418,0.861556329849013,7238,0.883760683760684,4636,0.917838051870917,—,,—,,—,,—,,—,,—,,—,,—,,—,,—,,—,,—,,—,,—,,—,,—,,—,,—,
  Chemicals,,1536,0.165214585350113,1466,0.164110601141834,1192,0.138443670150987,952,0.116239316239316,415,0.0821619481290834,—,,—,,—,,—,,—,,—,,—,,—,,—,,—,,—,,—,,—,,—,,—,,—,,—,,—,
  Corporate,,—,,—,,—,,220,,—,,—,,—,,—,,—,,—,,—,,—,,—,,—,,—,,—,,—,,—,,—,,—,,—,,—,,—,
Shipment (Metric Tonnes),,—,,—,,—,,—,,259.54,1.0,—,,—,,—,,—,,—,,—,,—,,—,,—,,—,,—,,—,,—,,—,,—,,—,,—,,—,
  Aggregates,,—,,—,,—,,—,,259.54,1.0,—,,—,,—,,—,,—,,—,,—,,—,,—,,—,,—,,—,,—,,—,,—,,—,,—,,—,
Average Sales Price,,—,,—,,—,,—,,—,,—,,—,,—,,—,,—,,—,,—,,—,,—,,—,,—,,—,,—,,—,,—,,—,,—,,—,
  Concrete,,—,,—,,—,,—,,—,,—,,—,,—,,96.53,,86.95,,92.16,,92.19,,93.1,,99.46,,106.44,,110.02,,116.45,,123.35,,126.38,,128.93,,135.79,,150.82,,166.95,
  Asphalt,,—,,—,,—,,—,,—,,—,,—,,—,,52.66,,50.58,,54.71,,55.33,,54.83,,54.39,,54.27,,53.45,,52.23,,55.13,,57.79,,57.97,,58.83,,71.29,,75.76,
  Aggregates,,—,,—,,—,,—,,—,,8.3,,9.35,,9.98,,10.3,,10.13,,10.25,,10.44,,10.8,,11.05,,11.85,,12.65,,13.06,,13.25,,13.99,,14.44,,14.87,,16.4,,19,
  Calcium,,—,,—,,—,,—,,—,,90.37,,95.56,,96.75,,95.7,,79.27,,73.66,,77.77,,25.44,,26.5,,26.7,,27.08,,28.26,,28.44,,27.85,,27.32,,28.16,,34.27,,—,
  Asphalt Mix and Concrete,,—,,—,,—,,—,,—,,43.12,,144.03,,153.72,,—,,—,,—,,—,,—,,—,,—,,—,,—,,—,,—,,—,,—,,—,,—,
Cement Volume/Shipments,,—,,—,,—,,—,,0,,0,,0.000142,1.0,0.001039,1.0,0.000631,1.0,0.000835,1.0,0.000793,1.0,0.000939,1.0,0.001073,1.0,—,,—,,—,,—,,—,,—,,—,,—,,—,,—,
  Calcium,,—,,—,,—,,—,,0,,0,,0.000142,1.0,0.001039,1.0,0.000631,1.0,0.000835,1.0,0.000793,1.0,0.000939,1.0,0.001073,1.0,—,,—,,—,,—,,—,,—,,—,,—,,—,,—,
Cement Price,,—,,—,,—,,—,,—,,—,,—,,—,,—,,—,,—,,—,,—,,—,,—,,—,,—,,—,,—,,—,,—,,—,,—,
  Calcium,,—,,—,,—,,—,,—,,—,,93.85,,96.75,,95.7,,79.27,,73.66,,77.77,,83.05,,—,,—,,—,,—,,—,,—,,—,,—,,—,,—,
Number of Cement Plants,,—,,—,,—,,—,,—,,—,,3,1.0,4,1.0,4,1.0,1,1.0,2,1.0,3,1.0,3,1.0,—,,—,,—,,—,,—,,—,,—,,—,,—,,—,
  Calcium,,—,,—,,—,,—,,—,,—,,3,1.0,4,1.0,4,1.0,1,1.0,2,1.0,3,1.0,3,1.0,—,,—,,—,,—,,—,,—,,—,,—,,—,,—,
Aggregates Volume/Shipments,,—,,—,,—,,—,,259.54,1.0,255.409,1.0,231.226,1.0,204.252,1.0,150.863,1.0,147.593,1.0,143.031,1.0,140.96,1.0,145.925,1.0,162.376,1.0,178.272,1.0,181.374,1.0,183.179,1.0,201.375,1.0,215465,1.0,208.295,1.0,222.863,1.0,236.345,1.0,234.3,1.0
  Aggregates,,—,,—,,—,,—,,259.54,1.0,255.409,1.0,231.226,1.0,204.252,1.0,150.863,1.0,147.593,1.0,143.031,1.0,140.96,1.0,145.925,1.0,162.376,1.0,178.272,1.0,181.374,1.0,183.179,1.0,201.375,1.0,215465,1.0,208.295,1.0,222.863,1.0,236.345,1.0,234.3,1.0
Aggregates Price,,—,,—,,—,,—,,—,,—,,—,,—,,—,,—,,—,,—,,—,,—,,—,,—,,—,,—,,—,,—,,—,,—,,—,
  Aggregates,,—,,—,,—,,—,,—,,8.3,,9.35,,9.98,,10.3,,10.13,,10.25,,10.44,,10.8,,11.05,,11.85,,12.65,,13.06,,13.25,,13.99,,14.44,,14.87,,16.4,,19,
Aggregates Reserves,,—,,—,,—,,—,,11100,1.0,11400,1.0,12700,1.0,13300,1.0,14200,1.0,14700,1.0,15000,1.0,15000,1.0,15000,1.0,15800,1.0,—,,—,,—,,—,,—,,—,,—,,—,,—,
  Aggregates,,—,,—,,—,,—,,11100,1.0,11400,1.0,12700,1.0,13300,1.0,14200,1.0,14700,1.0,15000,1.0,15000,1.0,15000,1.0,15800,1.0,—,,—,,—,,—,,—,,—,,—,,—,,—,
Number of Quarries - Aggregates,,—,,—,,—,,—,,224,1.0,203,1.0,250,1.0,222,1.0,—,,319,1.0,323,1.0,341,1.0,342,1.0,335,1.0,—,,—,,—,,—,,—,,—,,—,,—,,—,
  Aggregates,,—,,—,,—,,—,,224,1.0,203,1.0,250,1.0,222,1.0,—,,319,1.0,323,1.0,341,1.0,342,1.0,335,1.0,—,,—,,—,,—,,—,,—,,—,,—,,—,
Number of Years Production Available - Aggregates,,—,,—,,—,,—,,—,,—,,—,,—,,—,,—,,—,,—,,—,,—,,—,,—,,—,,—,,—,,—,,—,,—,,—,
  Aggregates,,—,,—,,—,,—,,45,,44,,43,,52,,—,,—,,—,,—,,—,,—,,—,,—,,—,,—,,—,,—,,—,,—,,—,
Ready Mix Concrete Volumes/Shipments,,—,,—,,—,,—,,3.238,1.0,2.893,1.0,0.002584,1.0,0.00635,1.0,4337,1.0,0.004138,1.0,0.003883,1.0,0.004223,1.0,0.004798,1.0,0.003732,1.0,0.00281,1.0,0.003,1.0,0.003568,1.0,0.003223,1.0,—,,0.002951,1.0,5.616,1.0,10.534,1.0,7.5,1.0
  Concrete,,—,,—,,—,,—,,—,,—,,—,,—,,4337,1.0,0.004138,1.0,0.003883,1.0,0.004223,1.0,0.004798,1.0,0.003732,1.0,0.00281,1.0,0.003,1.0,0.003568,1.0,0.003223,1.0,—,,0.002951,1.0,5.616,1.0,10.534,1.0,7.5,1.0
  Asphalt Mix and Concrete,,—,,—,,—,,—,,3.238,1.0,2.893,1.0,0.002584,1.0,0.00635,1.0,—,,—,,—,,—,,—,,—,,—,,—,,—,,—,,—,,—,,—,,—,,—,
Ready Mix Concrete Price,,—,,—,,—,,—,,—,,—,,—,,—,,—,,—,,—,,—,,—,,—,,—,,—,,—,,—,,—,,—,,—,,—,,—,
  Concrete,,—,,—,,—,,—,,—,,—,,—,,—,,96.53,,86.95,,92.16,,92.19,,93.1,,99.46,,106.44,,110.02,,116.45,,123.35,,—,,128.93,,135.79,,150.82,,166.95,
  Asphalt Mix and Concrete,,—,,—,,—,,—,,—,,90.37,,95.56,,97.78,,—,,—,,—,,—,,—,,—,,—,,—,,—,,—,,—,,—,,—,,—,,—,
Number of Ready Mix Concrete Plants,,—,,—,,—,,—,,23,1.0,22,1.0,108,1.0,124,1.0,—,,131,1.0,137,1.0,117,1.0,127,1.0,65,1.0,—,,—,,—,,—,,—,,—,,—,,—,,—,
  Concrete,,—,,—,,—,,—,,—,,—,,—,,—,,—,,131,1.0,137,1.0,117,1.0,127,1.0,65,1.0,—,,—,,—,,—,,—,,—,,—,,—,,—,
  Asphalt Mix and Concrete,,—,,—,,—,,—,,23,1.0,22,1.0,108,1.0,124,1.0,—,,—,,—,,—,,—,,—,,—,,—,,—,,—,,—,,—,,—,,—,,—,
Asphalt Volume/Shipments,,—,,—,,—,,—,,0.011698,1.0,0.011599,1.0,0.010535,1.0,0.009535,1.0,7415,1.0,0.007166,1.0,0.007208,1.0,0.006701,1.0,0.006869,1.0,0.007411,1.0,0.009658,1.0,0.009353,1.0,0.010391,1.0,0.011318,1.0,—,,0.011835,1.0,11.392,1.0,12.156,1.0,13.4,1.0
  Asphalt,,—,,—,,—,,—,,—,,—,,—,,—,,7415,1.0,0.007166,1.0,0.007208,1.0,0.006701,1.0,0.006869,1.0,0.007411,1.0,0.009658,1.0,0.009353,1.0,0.010391,1.0,0.011318,1.0,—,,0.011835,1.0,11.392,1.0,12.156,1.0,13.4,1.0
  Asphalt Mix and Concrete,,—,,—,,—,,—,,0.011698,1.0,0.011599,1.0,0.010535,1.0,0.009535,1.0,—,,—,,—,,—,,—,,—,,—,,—,,—,,—,,—,,—,,—,,—,,—,
Asphalt Price,,—,,—,,—,,—,,—,,—,,—,,—,,—,,—,,—,,—,,—,,—,,—,,—,,—,,—,,—,,—,,—,,—,,—,
  Asphalt,,—,,—,,—,,—,,—,,—,,—,,—,,52.66,,50.58,,54.71,,55.33,,54.83,,54.39,,54.27,,53.45,,52.64,,55.13,,—,,57.97,,58.83,,71.29,,75.76,
  Asphalt Mix and Concrete,,—,,—,,—,,—,,—,,43.12,,48.47,,55.94,,—,,—,,—,,—,,—,,—,,—,,—,,—,,—,,—,,—,,—,,—,,—,
Number of Asphalt Plants,,—,,—,,—,,—,,41,1.0,46,1.0,43,1.0,41,1.0,—,,37,1.0,36,1.0,32,1.0,34,1.0,38,1.0,—,,—,,—,,—,,—,,—,,—,,—,,—,
  Asphalt,,—,,—,,—,,—,,—,,—,,—,,—,,—,,37,1.0,36,1.0,32,1.0,34,1.0,38,1.0,—,,—,,—,,—,,—,,—,,—,,—,,—,
  Asphalt Mix and Concrete,,—,,—,,—,,—,,41,1.0,46,1.0,43,1.0,41,1.0,—,,—,,—,,—,,—,,—,,—,,—,,—,,—,,—,,—,,—,,—,,—,
Source: Bloomberg,,,,,,,,,,,,,,,,,,,,,,,,,,,,,,,,,,,,,,,,,,,,,,,
