Date,Revenue,  Family of Apps,  Family of Apps,  Family of Apps,  Family of Apps,  Family of Apps,  Family of Apps,  Family of Apps,  Family of Apps,    Advertising,    Advertising,    Advertising,    Advertising,    Advertising,      Desktop Advertising,      Mobile Advertising,      Mobile Advertising,    Other,    Other,    Other,    Other,  Reality Labs,  Reality Labs,  Reality Labs,  Reality Labs,  Reality Labs,  Reality Labs,  Reality Labs,  Payments & Other,  Payments & Other,  Payments & Other,  Payments & Other,Net Sales on a Constant Currency Basis,  Family of Apps,  Family of Apps,  Family of Apps,  Family of Apps,  Family of Apps,  Family of Apps,  Family of Apps,  Family of Apps,    Advertising,    Advertising,    Advertising,    Advertising,    Advertising,    Other,    Other,    Other,    Other,  Reality Labs,  Reality Labs,  Reality Labs,  Reality Labs,  Reality Labs,  Reality Labs,  Reality Labs,Percentage of Revenue,  Family of Apps,  Family of Apps,  Family of Apps,  Family of Apps,  Family of Apps,  Family of Apps,  Family of Apps,  Family of Apps,    Advertising,    Advertising,    Advertising,    Advertising,    Advertising,      Mobile Advertising,      Mobile Advertising,  Payments & Other,  Payments & Other,  Payments & Other,  Payments & Other,Net Sales % Increased at Constant Currency,  Reality Labs,  Reality Labs,  Reality Labs,  Reality Labs,  Reality Labs,  Reality Labs,  Reality Labs,  Family of Apps,  Family of Apps,  Family of Apps,  Family of Apps,  Family of Apps,  Family of Apps,  Family of Apps,  Family of Apps,    Other,    Other,    Other,    Other,    Advertising,    Advertising,    Advertising,    Advertising,    Advertising,Cost of Revenue,  Family of Apps,  Family of Apps,  Family of Apps,  Family of Apps,  Family of Apps,  Family of Apps,  Family of Apps,  Family of Apps,  Reality Labs,  Reality Labs,  Reality Labs,  Reality Labs,  Reality Labs,  Reality Labs,  Reality Labs,Operating Income,  Family of Apps,  Family of Apps,  Family of Apps,  Family of Apps,  Family of Apps,  Family of Apps,  Family of Apps,  Family of Apps,  Reality Labs,  Reality Labs,  Reality Labs,  Reality Labs,  Reality Labs,  Reality Labs,  Reality Labs,Operating Margin,  Family of Apps,  Family of Apps,  Family of Apps,  Family of Apps,  Family of Apps,  Family of Apps,  Family of Apps,  Family of Apps,  Reality Labs,  Reality Labs,  Reality Labs,  Reality Labs,  Reality Labs,  Reality Labs,  Reality Labs,Revenue Growth %,  Reality Labs,  Reality Labs,  Reality Labs,  Reality Labs,  Reality Labs,  Reality Labs,  Reality Labs,  Family of Apps,  Family of Apps,  Family of Apps,  Family of Apps,  Family of Apps,  Family of Apps,  Family of Apps,  Family of Apps,    Other,    Other,    Other,    Other,    Advertising,    Advertising,    Advertising,    Advertising,    Advertising,  Payments & Other,  Payments & Other,  Payments & Other,  Payments & Other,Average Revenue per User (ARPU),  Payments & Other,  Payments & Other,  Payments & Other,  Payments & Other,  Advertising,Source: Bloomberg
09/30/2014,3203,—,—,—,—,—,—,—,—,2957,—,66,—,64,1005.38,1951.62,66,—,—,—,—,—,—,—,—,—,—,—,246,34,13,—,—,—,—,—,—,—,—,—,—,2957,—,66,—,64,—,—,—,—,—,—,—,—,—,—,—,—,—,—,—,—,—,—,—,—,2957,—,66,—,64,1951.62,66,246,34,13,—,—,—,—,—,—,—,—,—,—,—,—,—,—,—,—,—,—,—,—,—,2957,—,66,—,64,—,—,—,—,—,—,—,—,—,—,—,—,—,—,—,—,—,—,—,—,—,—,—,—,—,—,—,—,—,—,—,—,—,—,—,—,—,—,—,—,—,—,—,—,—,—,—,—,—,—,—,—,—,—,—,—,—,—,—,—,—,—,—,—,—,—,—,—,2957,—,66,—,64,246,34,13,—,—,246,34,13,—,—,
12/31/2014,3851,—,—,—,—,—,—,—,—,3594,—,93,—,65,1114.14,2479.86,69,—,—,—,—,—,—,—,—,—,—,—,257,7,10,—,—,—,—,—,—,—,—,—,—,3594,—,93,—,65,—,—,—,—,—,—,—,—,—,—,—,—,—,—,—,—,—,—,—,—,3594,—,93,—,65,2479.86,69,257,7,10,—,—,—,—,—,—,—,—,—,—,—,—,—,—,—,—,—,—,—,—,—,3594,—,93,—,65,—,—,—,—,—,—,—,—,—,—,—,—,—,—,—,—,—,—,—,—,—,—,—,—,—,—,—,—,—,—,—,—,—,—,—,—,—,—,—,—,—,—,—,—,—,—,—,—,—,—,—,—,—,—,—,—,—,—,—,—,—,—,—,—,—,—,—,—,3594,—,93,—,65,257,7,10,—,—,257,7,10,—,—,
03/31/2015,3543,—,—,—,—,—,—,—,—,3317,—,73,—,46,895.59,2421.41,73,—,—,—,—,—,—,—,—,—,—,—,226,27,-5,—,—,—,—,—,—,—,—,—,—,3317,—,73,—,46,—,—,—,—,—,—,—,—,—,—,—,—,—,—,—,—,—,—,—,—,3317,—,73,—,46,2421.41,73,226,27,-5,—,—,—,—,—,—,—,—,—,—,—,—,—,—,—,—,—,—,—,—,—,3317,—,73,—,46,—,—,—,—,—,—,—,—,—,—,—,—,—,—,—,—,—,—,—,—,—,—,—,—,—,—,—,—,—,—,—,—,—,—,—,—,—,—,—,—,—,—,—,—,—,—,—,—,—,—,—,—,—,—,—,—,—,—,—,—,—,—,—,—,—,—,—,—,3317,—,73,—,46,226,27,-5,—,—,226,27,-5,—,—,
06/30/2015,4042,—,—,—,—,—,—,—,—,3827,—,76,—,43,918.48,2908.52,76,—,—,—,—,—,—,—,—,—,—,—,215,24,-8,—,—,—,—,—,—,—,—,—,—,3827,—,76,—,43,—,—,—,—,—,—,—,—,—,—,—,—,—,—,—,—,—,—,—,—,3827,—,76,—,43,2908.52,76,215,24,-8,—,—,—,—,—,—,—,—,—,—,—,—,—,—,—,—,—,—,—,—,—,3827,—,76,—,43,—,—,—,—,—,—,—,—,—,—,—,—,—,—,—,—,—,—,—,—,—,—,—,—,—,—,—,—,—,—,—,—,—,—,—,—,—,—,—,—,—,—,—,—,—,—,—,—,—,—,—,—,—,—,—,—,—,—,—,—,—,—,—,—,—,—,—,—,3827,—,76,—,43,215,24,-8,—,—,215,24,-8,—,—,
09/30/2015,4501,—,—,—,—,—,—,—,—,4299,—,78,—,45,945.78,3353.22,78,—,—,—,—,—,—,—,—,—,—,—,202,22,-18,—,—,—,—,—,—,—,—,—,—,4299,—,78,—,45,—,—,—,—,—,—,—,—,—,—,—,—,—,—,—,—,—,—,—,—,4299,—,78,—,45,3353.22,78,202,22,-18,—,—,—,—,—,—,—,—,—,—,—,—,—,—,—,—,—,—,—,—,—,4299,—,78,—,45,—,—,—,—,—,—,—,—,—,—,—,—,—,—,—,—,—,—,—,—,—,—,—,—,—,—,—,—,—,—,—,—,—,—,—,—,—,—,—,—,—,—,—,—,—,—,—,—,—,—,—,—,—,—,—,—,—,—,—,—,—,—,—,—,—,—,—,—,4299,—,78,—,45,202,22,-18,—,—,202,22,-18,—,—,
12/31/2015,5841,—,—,—,—,—,—,—,—,5637,—,80,—,49,1127.4,4509.6,80,—,—,—,—,—,—,—,—,—,—,—,204,20,-13,—,—,—,—,—,—,—,—,—,—,5637,—,80,—,49,—,—,—,—,—,—,—,—,—,—,—,—,—,—,—,—,—,—,—,—,5637,—,80,—,49,4509.6,80,204,20,-13,—,—,—,—,—,—,—,—,—,—,—,—,—,—,—,—,—,—,—,—,—,5637,—,80,—,49,—,—,—,—,—,—,—,—,—,—,—,—,—,—,—,—,—,—,—,—,—,—,—,—,—,—,—,—,—,—,—,—,—,—,—,—,—,—,—,—,—,—,—,—,—,—,—,—,—,—,—,—,—,—,—,—,—,—,—,—,—,—,—,—,—,—,—,—,5637,—,80,—,49,204,20,-13,—,—,204,20,-13,—,—,
03/31/2016,5382,—,—,—,—,—,—,—,—,5201,—,97,—,57,936.18,4264.82,82,—,—,—,—,—,—,—,—,—,—,—,181,3,-20,—,—,—,—,—,—,—,—,—,—,5201,—,97,—,57,—,—,—,—,—,—,—,—,—,—,—,—,—,—,—,—,—,—,—,—,5201,—,97,—,57,4264.82,82,181,3,-20,—,—,—,—,—,—,—,—,—,—,—,—,—,—,—,—,—,—,—,—,—,5201,—,97,—,57,—,—,—,—,—,—,—,—,—,—,—,—,—,—,—,—,—,—,—,—,—,—,—,—,—,—,—,—,—,—,—,—,—,—,—,—,—,—,—,—,—,—,—,—,—,—,—,—,—,—,—,—,—,—,—,—,—,—,—,—,—,—,—,—,—,—,—,—,5201,—,97,—,57,181,3,-20,—,—,181,3,-20,—,—,
06/30/2016,6436,—,—,—,—,—,—,—,—,6239,—,84,—,63,998.24,5240.76,84,—,—,—,—,—,—,—,—,—,—,—,197,16,-8,—,—,—,—,—,—,—,—,—,—,6239,—,84,—,63,—,—,—,—,—,—,—,—,—,—,—,—,—,—,—,—,—,—,—,—,6239,—,84,—,63,5240.76,84,197,16,-8,—,—,—,—,—,—,—,—,—,—,—,—,—,—,—,—,—,—,—,—,—,6239,—,84,—,63,—,—,—,—,—,—,—,—,—,—,—,—,—,—,—,—,—,—,—,—,—,—,—,—,—,—,—,—,—,—,—,—,—,—,—,—,—,—,—,—,—,—,—,—,—,—,—,—,—,—,—,—,—,—,—,—,—,—,—,—,—,—,—,—,—,—,—,—,6239,—,84,—,63,197,16,-8,—,—,197,16,-8,—,—,
09/30/2016,7011,—,—,—,—,—,—,—,—,6816,—,84,—,59,1090.56,5725.44,84,—,—,—,—,—,—,—,—,—,—,—,195,16,-3,—,—,—,—,—,—,—,—,—,—,6816,—,84,—,59,—,—,—,—,—,—,—,—,—,—,—,—,—,—,—,—,—,—,—,—,6816,—,84,—,59,5725.44,84,195,16,-3,—,—,—,—,—,—,—,—,—,—,—,—,—,—,—,—,—,—,—,—,—,6816,—,84,—,59,—,—,—,—,—,—,—,—,—,—,—,—,—,—,—,—,—,—,—,—,—,—,—,—,—,—,—,—,—,—,—,—,—,—,—,—,—,—,—,—,—,—,—,—,—,—,—,—,—,—,—,—,—,—,—,—,—,—,—,—,—,—,—,—,—,—,—,—,6816,—,84,—,59,195,16,-3,—,—,195,16,-3,—,—,
12/31/2016,8809,—,—,—,—,—,—,—,—,8629,—,84,—,57,1380.64,7248.36,84,—,—,—,—,—,—,—,—,—,—,—,180,16,-11,—,—,—,—,—,—,—,—,—,—,8629,—,84,—,57,—,—,—,—,—,—,—,—,—,—,—,—,—,—,—,—,—,—,—,—,8629,—,84,—,57,7248.36,84,180,16,-11,—,—,—,—,—,—,—,—,—,—,—,—,—,—,—,—,—,—,—,—,—,8629,—,84,—,57,—,—,—,—,—,—,—,—,—,—,—,—,—,—,—,—,—,—,—,—,—,—,—,—,—,—,—,—,—,—,—,—,—,—,—,—,—,—,—,—,—,—,—,—,—,—,—,—,—,—,—,—,—,—,—,—,—,—,—,—,—,—,—,—,—,—,—,—,8629,—,84,—,57,180,16,-11,—,—,180,16,-11,—,—,
03/31/2017,8032,—,—,—,—,—,—,—,—,7857,—,85,—,51,1178.55,6678.45,85,—,—,—,—,—,—,—,—,—,—,—,175,15,-3,—,—,—,—,—,—,—,—,—,—,7857,—,85,—,51,—,—,—,—,—,—,—,—,—,—,—,—,—,—,—,—,—,—,—,—,7857,—,85,—,51,6678.45,85,175,15,-3,—,—,—,—,—,—,—,—,—,—,—,—,—,—,—,—,—,—,—,—,—,7857,—,85,—,51,—,—,—,—,—,—,—,—,—,—,—,—,—,—,—,—,—,—,—,—,—,—,—,—,—,—,—,—,—,—,—,—,—,—,—,—,—,—,—,—,—,—,—,—,—,—,—,—,—,—,—,—,—,—,—,—,—,—,—,—,—,—,—,—,—,—,—,—,7857,—,85,—,51,175,15,-3,—,—,175,15,-3,—,—,
06/30/2017,9321,—,—,—,—,—,—,—,—,9164,—,87,—,47,1191.32,7972.68,87,—,—,—,—,—,—,—,—,—,—,—,157,13,-20,—,—,—,—,—,—,—,—,—,—,9164,—,87,—,47,—,—,—,—,—,—,—,—,—,—,—,—,—,—,—,—,—,—,—,—,9164,—,87,—,47,7972.68,87,157,13,-20,—,—,—,—,—,—,—,—,—,—,—,—,—,—,—,—,—,—,—,—,—,9164,—,87,—,47,—,—,—,—,—,—,—,—,—,—,—,—,—,—,—,—,—,—,—,—,—,—,—,—,—,—,—,—,—,—,—,—,—,—,—,—,—,—,—,—,—,—,—,—,—,—,—,—,—,—,—,—,—,—,—,—,—,—,—,—,—,—,—,—,—,—,—,—,9164,—,87,—,47,157,13,-20,—,—,157,13,-20,—,—,
09/30/2017,10328,—,—,—,—,—,—,—,—,10142,—,88,—,49,1217.04,8924.96,88,—,—,—,—,—,—,—,—,—,—,—,186,12,-5,—,—,—,—,—,—,—,—,—,—,10142,—,88,—,49,—,—,—,—,—,—,—,—,—,—,—,—,—,—,—,—,—,—,—,—,10142,—,88,—,49,8924.96,88,186,12,-5,—,—,—,—,—,—,—,—,—,—,—,—,—,—,—,—,—,—,—,—,—,10142,—,88,—,49,—,—,—,—,—,—,—,—,—,—,—,—,—,—,—,—,—,—,—,—,—,—,—,—,—,—,—,—,—,—,—,—,—,—,—,—,—,—,—,—,—,—,—,—,—,—,—,—,—,—,—,—,—,—,—,—,—,—,—,—,—,—,—,—,—,—,—,—,10142,—,88,—,49,186,12,-5,—,—,186,12,-5,—,—,
12/31/2017,12972,—,—,—,—,—,—,—,—,12779,—,99,—,48,1405.69,11373.31,89,—,—,—,—,—,—,—,—,—,—,—,193,1,7,—,—,—,—,—,—,—,—,—,—,12779,—,99,—,48,—,—,—,—,—,—,—,—,—,—,—,—,—,—,—,—,—,—,—,—,12779,—,99,—,48,11373.31,89,193,1,7,—,—,—,—,—,—,—,—,—,—,—,—,—,—,—,—,—,—,—,—,—,12779,—,99,—,48,—,—,—,—,—,—,—,—,—,—,—,—,—,—,—,—,—,—,—,—,—,—,—,—,—,—,—,—,—,—,—,—,—,—,—,—,—,—,—,—,—,—,—,—,—,—,—,—,—,—,—,—,—,—,—,—,—,—,—,—,—,—,—,—,—,—,—,—,12779,—,99,—,48,193,1,7,—,—,193,1,7,—,—,
03/31/2018,11966,—,—,—,—,—,—,—,—,11795,—,99,—,50,1061.55,10733.45,91,—,—,—,—,—,—,—,—,—,—,—,171,1,-2,—,—,—,—,—,—,—,—,—,—,11795,—,99,—,50,—,—,—,—,—,—,—,—,—,—,—,—,—,—,—,—,—,—,—,—,11795,—,99,—,50,10733.45,91,171,1,-2,—,—,—,—,—,—,—,—,—,—,—,—,—,—,—,—,—,—,—,—,—,11795,—,99,—,50,—,—,—,—,—,—,—,—,—,—,—,—,—,—,—,—,—,—,—,—,—,—,—,—,—,—,—,—,—,—,—,—,—,—,—,—,—,—,—,—,—,—,—,—,—,—,—,—,—,—,—,—,—,—,—,—,—,—,—,—,—,—,—,—,—,—,—,—,11795,—,99,—,50,171,1,-2,—,—,171,1,-2,—,—,
06/30/2018,13231,—,—,—,—,—,—,—,—,13038,—,91,—,42,1173.42,11864,91,—,—,—,—,—,—,—,—,—,—,—,193,9,23,—,—,—,—,—,—,—,—,—,—,13038,—,91,—,42,—,—,—,—,—,—,—,—,—,—,—,—,—,—,—,—,—,—,—,—,13038,—,91,—,42,11864,91,193,9,23,—,—,—,—,—,—,—,—,—,—,—,—,—,—,—,—,—,—,—,—,—,13038,—,91,—,42,—,—,—,—,—,—,—,—,—,—,—,—,—,—,—,—,—,—,—,—,—,—,—,—,—,—,—,—,—,—,—,—,—,—,—,—,—,—,—,—,—,—,—,—,—,—,—,—,—,—,—,—,—,—,—,—,—,—,—,—,—,—,—,—,—,—,—,—,13038,—,91,—,42,193,9,23,—,—,193,9,23,—,—,
09/30/2018,13727,—,—,—,—,—,—,—,—,13539,—,92,—,33,1083.12,12455.88,92,—,—,—,—,—,—,—,—,—,—,—,188,8,1,—,—,—,—,—,—,—,—,—,—,13539,—,92,—,33,—,—,—,—,—,—,—,—,—,—,—,—,—,—,—,—,—,—,—,—,13539,—,92,—,33,12455.88,92,188,8,1,—,—,—,—,—,—,—,—,—,—,—,—,—,—,—,—,—,—,—,—,—,13539,—,92,—,33,—,—,—,—,—,—,—,—,—,—,—,—,—,—,—,—,—,—,—,—,—,—,—,—,—,—,—,—,—,—,—,—,—,—,—,—,—,—,—,—,—,—,—,—,—,—,—,—,—,—,—,—,—,—,—,—,—,—,—,—,—,—,—,—,—,—,—,—,13539,—,92,—,33,188,8,1,—,—,188,8,1,—,—,
12/31/2018,16914,—,—,—,—,—,—,—,—,16640,—,93,—,30,—,—,93,—,—,—,—,—,—,—,—,—,—,—,274,2,93,0.11,—,—,—,—,—,—,—,—,—,16640,—,93,—,30,—,—,—,—,—,—,—,—,—,—,—,—,—,—,—,—,—,—,—,—,16640,—,93,—,30,—,93,274,2,93,0.11,—,—,—,—,—,—,—,—,—,—,—,—,—,—,—,—,—,—,—,—,16640,—,93,—,30,—,—,—,—,—,—,—,—,—,—,—,—,—,—,—,—,—,—,—,—,—,—,—,—,—,—,—,—,—,—,—,—,—,—,—,—,—,—,—,—,—,—,—,—,—,—,—,—,—,—,—,—,—,—,—,—,—,—,—,—,—,—,—,—,—,—,—,—,16640,—,93,—,30,274,2,93,0.11,—,274,2,93,0.11,6.41,
03/31/2019,15077,—,—,—,—,—,—,—,—,14912,—,98.91,—,26,1043.84,13868.16,93,—,—,—,—,—,—,—,—,—,—,—,165,1.09,-4,0.06,—,—,—,—,—,—,—,—,—,14912,—,98.91,—,26,—,—,—,—,—,—,—,—,—,—,—,—,—,—,—,—,—,—,—,—,14912,—,98.91,—,26,13868.16,93,165,1.09,-4,0.06,—,—,—,—,—,—,—,—,—,—,—,—,—,—,—,—,—,—,—,—,14912,—,98.91,—,26,—,—,—,—,—,—,—,—,—,—,—,—,—,—,—,—,—,—,—,—,—,—,—,—,—,—,—,—,—,—,—,—,—,—,—,—,—,—,—,—,—,—,—,—,—,—,—,—,—,—,—,—,—,—,—,—,—,—,—,—,—,—,—,—,—,—,—,—,14912,—,98.91,—,26,165,1.09,-4,0.06,—,165,1.09,-4,0.06,5.6,
06/30/2019,16886,—,—,—,—,—,—,—,—,16624,—,94,—,28,997.44,15626.56,94,—,—,—,—,—,—,—,—,—,—,—,262,6,36,0.1,—,—,—,—,—,—,—,—,—,16624,—,94,—,28,—,—,—,—,—,—,—,—,—,—,—,—,—,—,—,—,—,—,—,—,16624,—,94,—,28,15626.56,94,262,6,36,0.1,—,—,—,—,—,—,—,—,—,—,—,—,—,—,—,—,—,—,—,—,16624,—,94,—,28,—,—,—,—,—,—,—,—,—,—,—,—,—,—,—,—,—,—,—,—,—,—,—,—,—,—,—,—,—,—,—,—,—,—,—,—,—,—,—,—,—,—,—,—,—,—,—,—,—,—,—,—,—,—,—,—,—,—,—,—,—,—,—,—,—,—,—,—,16624,—,94,—,28,262,6,36,0.1,—,262,6,36,0.1,6.1,
09/30/2019,17652,—,—,—,—,—,—,—,—,17383,—,94,—,28,1042.98,16340.02,94,—,—,—,—,—,—,—,—,—,—,—,269,6,43,0.1,—,—,—,—,—,—,—,—,—,17383,—,94,—,28,—,—,—,—,—,—,—,—,—,—,—,—,—,—,—,—,—,—,—,—,17383,—,94,—,28,16340.02,94,269,6,43,0.1,—,—,—,—,—,—,—,—,—,—,—,—,—,—,—,—,—,—,—,—,17383,—,94,—,28,—,—,—,—,—,—,—,—,—,—,—,—,—,—,—,—,—,—,—,—,—,—,—,—,—,—,—,—,—,—,—,—,—,—,—,—,—,—,—,—,—,—,—,—,—,—,—,—,—,—,—,—,—,—,—,—,—,—,—,—,—,—,—,—,—,—,—,—,17383,—,94,—,28,269,6,43,0.1,—,269,6,43,0.1,6.23,
12/31/2019,21082,21082,21030,88,—,—,—,—,—,20736,21030,88,26,25,—,—,—,346,—,—,—,—,—,—,—,—,—,—,—,—,—,0.12,21030,21082,21030,88,—,—,—,—,—,20736,21030,88,26,25,346,—,—,—,—,—,—,—,—,—,—,—,21082,21030,88,—,—,—,—,—,20736,21030,88,26,25,—,—,—,—,—,0.12,—,—,—,—,—,—,—,—,21082,21030,88,—,—,—,—,—,346,—,—,—,20736,21030,88,26,25,—,21082,21030,88,—,—,—,—,—,—,—,—,—,—,—,—,—,21082,21030,88,—,—,—,—,—,—,—,—,—,—,—,—,—,21082,21030,88,—,—,—,—,—,—,—,—,—,—,—,—,—,—,—,—,—,—,—,—,21082,21030,88,—,—,—,—,—,346,—,—,—,20736,21030,88,26,25,—,—,—,0.12,—,—,—,—,0.12,7.26,
03/31/2020,17737,—,—,—,—,—,—,—,—,17440,—,—,—,17,—,—,—,—,—,—,—,—,—,—,—,—,—,—,297,—,80,0.1,—,—,—,—,—,—,—,—,—,17440,—,—,—,17,—,—,—,—,—,—,—,—,—,—,—,—,—,—,—,—,—,—,—,—,17440,—,—,—,17,—,—,297,—,80,0.1,—,—,—,—,—,—,—,—,—,—,—,—,—,—,—,—,—,—,—,—,17440,—,—,—,17,—,—,—,—,—,—,—,—,—,—,—,—,—,—,—,—,—,—,—,—,—,—,—,—,—,—,—,—,—,—,—,—,—,—,—,—,—,—,—,—,—,—,—,—,—,—,—,—,—,—,—,—,—,—,—,—,—,—,—,—,—,—,—,—,—,—,—,—,17440,—,—,—,17,297,—,80,0.1,—,297,—,80,0.1,5.93,
06/30/2020,18687,—,—,—,—,—,—,—,—,18321,—,—,—,10,—,—,—,—,—,—,—,—,—,—,—,—,—,—,366,—,40,0.12,—,—,—,—,—,—,—,—,—,18321,—,—,—,10,—,—,—,—,—,—,—,—,—,—,—,—,—,—,—,—,—,—,—,—,18321,—,—,—,10,—,—,366,—,40,0.12,—,—,—,—,—,—,—,—,—,—,—,—,—,—,—,—,—,—,—,—,18321,—,—,—,10,—,—,—,—,—,—,—,—,—,—,—,—,—,—,—,—,—,—,—,—,—,—,—,—,—,—,—,—,—,—,—,—,—,—,—,—,—,—,—,—,—,—,—,—,—,—,—,—,—,—,—,—,—,—,—,—,—,—,—,—,—,—,—,—,—,—,—,—,18321,—,—,—,10,366,—,40,0.12,—,366,—,40,0.12,5.98,
09/30/2020,21470,—,—,—,—,—,—,—,—,21221,—,—,—,22,—,—,—,—,—,—,—,—,—,—,—,—,—,—,249,—,-7,0.08,—,—,—,—,—,—,—,—,—,21221,—,—,—,22,—,—,—,—,—,—,—,—,—,—,—,—,—,—,—,—,—,—,—,—,21221,—,—,—,22,—,—,249,—,-7,0.08,—,—,—,—,—,—,—,—,—,—,—,—,—,—,—,—,—,—,—,—,21221,—,—,—,22,—,—,—,—,—,—,—,—,—,—,—,—,—,—,—,—,—,—,—,—,—,—,—,—,—,—,—,—,—,—,—,—,—,—,—,—,—,—,—,—,—,—,—,—,—,—,—,—,—,—,—,—,—,—,—,—,—,—,—,—,—,—,—,—,—,—,—,—,21221,—,—,—,22,249,—,-7,0.08,—,249,—,-7,0.08,6.68,
12/31/2020,28072,27355,84298,97,—,—,—,—,—,27187,84298,97,21,20.1,—,—,—,168,—,—,—,717,—,—,—,—,—,—,—,—,—,0.27,84298,27355,84298,97,—,—,—,—,—,27187,84298,97,21,20.1,168,—,—,—,717,—,—,—,—,—,—,—,27355,84298,97,—,—,—,—,—,27187,84298,97,21,20.1,—,—,—,—,—,0.27,—,717,—,—,—,—,—,—,27355,84298,97,—,—,—,—,—,168,—,—,—,27187,84298,97,21,20.1,—,27355,84298,97,—,—,—,—,—,717,—,—,—,—,—,—,—,27355,84298,97,—,—,—,—,—,717,—,—,—,—,—,—,—,27355,84298,97,—,—,—,—,—,717,—,—,—,—,—,—,—,717,—,—,—,—,—,—,27355,84298,97,—,—,—,—,—,168,—,—,—,27187,84298,97,21,20.1,—,—,—,0.27,—,—,—,—,0.27,8.35,
03/31/2021,26171,25637,—,—,—,—,—,52,—,25439,—,—,42,46,—,—,—,198,—,—,—,534,—,—,—,—,-342,—,—,—,—,0.22,—,25637,—,—,—,—,—,52,—,25439,—,—,42,46,198,—,—,—,534,—,—,—,—,-342,—,—,25637,—,—,—,—,—,52,—,25439,—,—,42,46,—,—,—,—,—,0.22,—,534,—,—,—,—,-342,—,25637,—,—,—,—,—,52,—,198,—,—,—,25439,—,—,42,46,—,25637,—,—,—,—,—,52,—,534,—,—,—,—,-342,—,—,25637,—,—,—,—,—,52,—,534,—,—,—,—,-342,—,—,25637,—,—,—,—,—,52,—,534,—,—,—,—,-342,—,—,534,—,—,—,—,-342,—,25637,—,—,—,—,—,52,—,198,—,—,—,25439,—,—,42,46,—,—,—,0.22,—,—,—,—,0.22,7.54,
06/30/2021,29077,28772,28772,—,—,—,—,51,—,28580,—,—,51,56,—,—,—,192,—,—,—,305,305,—,—,—,-797,—,—,—,—,0.14,29077,28772,28772,—,—,—,—,51,—,28580,—,—,51,56,192,—,—,—,305,305,—,—,—,-797,—,—,28772,28772,—,—,—,—,51,—,28580,—,—,51,56,—,—,—,—,—,0.14,—,305,305,—,—,—,-797,—,28772,28772,—,—,—,—,51,—,192,—,—,—,28580,—,—,51,56,—,28772,28772,—,—,—,—,51,—,305,305,—,—,—,-797,—,—,28772,28772,—,—,—,—,51,—,305,305,—,—,—,-797,—,—,28772,28772,—,—,—,—,51,—,305,305,—,—,—,-797,—,—,305,305,—,—,—,-797,—,28772,28772,—,—,—,—,51,—,192,—,—,—,28580,—,—,51,56,—,—,—,0.14,—,—,—,—,0.14,8.21,
09/30/2021,29010,28452,28452,—,—,—,—,46,—,28276,28276,—,32,33,—,—,—,176,176,—,—,558,558,—,—,—,-472,—,—,—,—,0.21,29010,28452,28452,—,—,—,—,46,—,28276,28276,—,32,33,176,176,—,—,558,558,—,—,—,-472,—,—,28452,28452,—,—,—,—,46,—,28276,28276,—,32,33,—,—,—,—,—,0.21,—,558,558,—,—,—,-472,—,28452,28452,—,—,—,—,46,—,176,176,—,—,28276,28276,—,32,33,—,28452,28452,—,—,—,—,46,—,558,558,—,—,—,-472,—,—,28452,28452,—,—,—,—,46,—,558,558,—,—,—,-472,—,—,28452,28452,—,—,—,—,46,—,558,558,—,—,—,-472,—,—,558,558,—,—,—,-472,—,28452,28452,—,—,—,—,46,—,176,176,—,—,28276,28276,—,32,33,—,—,—,0.21,—,—,—,—,0.21,7.98,
12/31/2021,33671,32794,32945,—,—,—,—,—,—,32639,32945,—,21,20.1,—,—,—,155,—,—,—,877,—,—,—,—,—,—,—,—,—,—,32945,32794,32945,—,—,—,—,—,—,32639,32945,—,21,20.1,155,—,—,—,877,—,—,—,—,—,—,—,32794,32945,—,—,—,—,—,—,32639,32945,—,21,20.1,—,—,—,—,—,—,—,877,—,—,—,—,—,—,32794,32945,—,—,—,—,—,—,155,—,—,—,32639,32945,—,21,20.1,—,32794,32945,—,—,—,—,—,—,877,—,—,—,—,—,—,—,32794,32945,—,—,—,—,—,—,877,—,—,—,—,—,—,—,32794,32945,—,—,—,—,—,—,877,—,—,—,—,—,—,—,877,—,—,—,—,—,—,32794,32945,—,—,—,—,—,—,155,—,—,—,32639,32945,—,21,20.1,—,—,—,—,—,—,—,—,—,—,
03/31/2022,27908,27213,27213,—,6,—,11484,42,—,26998,26998,—,6,7,—,—,—,215,215,9,—,695,695,30,—,-2960,-426,—,—,—,—,—,27908,27213,27213,—,6,—,11484,42,—,26998,26998,—,6,7,215,215,9,—,695,695,30,—,-2960,-426,—,—,27213,27213,—,6,—,11484,42,—,26998,26998,—,6,7,—,—,—,—,—,—,—,695,695,30,—,-2960,-426,—,27213,27213,—,6,—,11484,42,—,215,215,9,—,26998,26998,—,6,7,—,27213,27213,—,6,—,11484,42,—,695,695,30,—,-2960,-426,—,8524,27213,27213,—,6,—,11484,42,—,695,695,30,—,-2960,-426,—,—,27213,27213,—,6,—,11484,42,—,695,695,30,—,-2960,-426,—,—,695,695,30,—,-2960,-426,—,27213,27213,—,6,—,11484,42,—,215,215,9,—,26998,26998,—,6,7,—,—,—,—,—,—,—,—,—,—,
06/30/2022,28822,28370,28370,—,-1,—,—,39,-1,28152,—,—,-1,-1,—,—,—,218,—,14,14,452,452,48,—,—,-621,48,—,—,—,—,28822,28370,28370,—,-1,—,—,39,-1,28152,—,—,-1,-1,218,—,14,14,452,452,48,—,—,-621,48,—,28370,28370,—,-1,—,—,39,-1,28152,—,—,-1,-1,—,—,—,—,—,—,—,452,452,48,—,—,-621,48,28370,28370,—,-1,—,—,39,-1,218,—,14,14,28152,—,—,-1,-1,—,28370,28370,—,-1,—,—,39,-1,452,452,48,—,—,-621,48,—,28370,28370,—,-1,—,—,39,-1,452,452,48,—,—,-621,48,—,28370,28370,—,-1,—,—,39,-1,452,452,48,—,—,-621,48,—,452,452,48,—,—,-621,48,28370,28370,—,-1,—,—,39,-1,218,—,14,14,28152,—,—,-1,-1,—,—,—,—,—,—,—,—,—,—,
09/30/2022,27714,27429,27429,—,-4,—,—,34,-4,27237,27237,—,-4,-4,—,—,—,192,192,9,9,285,285,-49,—,—,-1288,-49,—,—,—,—,27714,27429,27429,—,-4,—,—,34,-4,27237,27237,—,-4,-4,192,192,9,9,285,285,-49,—,—,-1288,-49,—,27429,27429,—,-4,—,—,34,-4,27237,27237,—,-4,-4,—,—,—,—,—,—,—,285,285,-49,—,—,-1288,-49,27429,27429,—,-4,—,—,34,-4,192,192,9,9,27237,27237,—,-4,-4,—,27429,27429,—,-4,—,—,34,-4,285,285,-49,—,—,-1288,-49,—,27429,27429,—,-4,—,—,34,-4,285,285,-49,—,—,-1288,-49,—,27429,27429,—,-4,—,—,34,-4,285,285,-49,—,—,-1288,-49,—,285,285,-49,—,—,-1288,-49,27429,27429,—,-4,—,—,34,-4,192,192,9,9,27237,27237,—,-4,-4,—,—,—,—,—,—,—,—,—,—,
12/31/2022,32165,31438,33231,—,—,—,—,—,—,31254,33231,—,2,-4,—,—,—,184,—,—,—,727,—,—,—,—,—,—,—,—,—,—,33231,31438,33231,—,—,—,—,—,—,31254,33231,—,2,-4,184,—,—,—,727,—,—,—,—,—,—,—,31438,33231,—,—,—,—,—,—,31254,33231,—,2,-4,—,—,—,—,—,—,—,727,—,—,—,—,—,—,31438,33231,—,—,—,—,—,—,184,—,—,—,31254,33231,—,2,-4,—,31438,33231,—,—,—,—,—,—,727,—,—,—,—,—,—,—,31438,33231,—,—,—,—,—,—,727,—,—,—,—,—,—,—,31438,33231,—,—,—,—,—,—,727,—,—,—,—,—,—,—,727,—,—,—,—,—,—,31438,33231,—,—,—,—,—,—,184,—,—,—,31254,33231,—,2,-4,—,—,—,—,—,—,—,—,—,—,
03/31/2023,28645,28306,28306,—,4,17087,11219,40,4,28101,28101,—,4,4,—,—,—,205,205,-5,-5,339,339,-51,4331,-3992,-1178,-51,—,—,—,—,28645,28306,28306,—,4,17087,11219,40,4,28101,28101,—,4,4,205,205,-5,-5,339,339,-51,4331,-3992,-1178,-51,—,28306,28306,—,4,17087,11219,40,4,28101,28101,—,4,4,—,—,—,—,—,—,—,339,339,-51,4331,-3992,-1178,-51,28306,28306,—,4,17087,11219,40,4,205,205,-5,-5,28101,28101,—,4,4,21418,28306,28306,—,4,17087,11219,40,4,339,339,-51,4331,-3992,-1178,-51,7227,28306,28306,—,4,17087,11219,40,4,339,339,-51,4331,-3992,-1178,-51,—,28306,28306,—,4,17087,11219,40,4,339,339,-51,4331,-3992,-1178,-51,—,339,339,-51,4331,-3992,-1178,-51,28306,28306,—,4,17087,11219,40,4,205,205,-5,-5,28101,28101,—,4,4,—,—,—,—,—,—,—,—,—,—,
06/30/2023,31999,31723,31723,—,12,18592,13131,41,12,31498,31767,—,12,12,—,—,—,225,225,3,3,276,276,-39,4015,-3739,-1355,-39,—,—,—,—,31999,31723,31723,—,12,18592,13131,41,12,31498,31767,—,12,12,225,225,3,3,276,276,-39,4015,-3739,-1355,-39,—,31723,31723,—,12,18592,13131,41,12,31498,31767,—,12,12,—,—,—,—,—,—,—,276,276,-39,4015,-3739,-1355,-39,31723,31723,—,12,18592,13131,41,12,225,225,3,3,31498,31767,—,12,12,22607,31723,31723,—,12,18592,13131,41,12,276,276,-39,4015,-3739,-1355,-39,9392,31723,31723,—,12,18592,13131,41,12,276,276,-39,4015,-3739,-1355,-39,—,31723,31723,—,12,18592,13131,41,12,276,276,-39,4015,-3739,-1355,-39,—,276,276,-39,4015,-3739,-1355,-39,31723,31723,—,12,18592,13131,41,12,225,225,3,3,31498,31767,—,12,12,—,—,—,—,—,—,—,—,—,—,
09/30/2023,34146,33936,33936,—,24,16446,17490,52,24,33643,33643,—,24,24,—,—,—,293,293,53,53,210,210,23,3952,-3742,-1782,-26,—,—,—,—,34146,33936,33936,—,24,16446,17490,52,24,33643,33643,—,24,24,293,293,53,53,210,210,23,3952,-3742,-1782,-26,—,33936,33936,—,24,16446,17490,52,24,33643,33643,—,24,24,—,—,—,—,—,—,—,210,210,23,3952,-3742,-1782,-26,33936,33936,—,24,16446,17490,52,24,293,293,53,53,33643,33643,—,24,24,20398,33936,33936,—,24,16446,17490,52,24,210,210,23,3952,-3742,-1782,-26,13748,33936,33936,—,24,16446,17490,52,24,210,210,23,3952,-3742,-1782,-26,—,33936,33936,—,24,16446,17490,52,24,210,210,23,3952,-3742,-1782,-26,—,210,210,23,3952,-3742,-1782,-26,33936,33936,—,24,16446,17490,52,24,293,293,53,53,33643,33643,—,24,24,—,—,—,—,—,—,—,—,—,—,
12/31/2023,40111,39040,39040,—,—,18010,21030,—,—,38706,38706,—,21,—,—,—,—,334,334,—,—,1071,1071,—,5718,-4646,—,—,—,—,—,—,40111,39040,39040,—,—,18010,21030,—,—,38706,38706,—,21,—,334,334,—,—,1071,1071,—,5718,-4646,—,—,—,39040,39040,—,—,18010,21030,—,—,38706,38706,—,21,—,—,—,—,—,—,—,—,1071,1071,—,5718,-4646,—,—,39040,39040,—,—,18010,21030,—,—,334,334,—,—,38706,38706,—,21,—,23728,39040,39040,—,—,18010,21030,—,—,1071,1071,—,5718,-4646,—,—,16384,39040,39040,—,—,18010,21030,—,—,1071,1071,—,5718,-4646,—,—,—,39040,39040,—,—,18010,21030,—,—,1071,1071,—,5718,-4646,—,—,—,1071,1071,—,5718,-4646,—,—,39040,39040,—,—,18010,21030,—,—,334,334,—,—,38706,38706,—,21,—,—,—,—,—,—,—,—,—,—,—,
03/31/2024,36455,36015,36015,—,27,—,17664,49,27,35635,35635,—,27,27,—,—,—,380,380,85,85,440,440,30,—,-3846,-874,30,—,—,—,—,36455,36015,36015,—,27,—,17664,49,27,35635,35635,—,27,27,380,380,85,85,440,440,30,—,-3846,-874,30,—,36015,36015,—,27,—,17664,49,27,35635,35635,—,27,27,—,—,—,—,—,—,—,440,440,30,—,-3846,-874,30,36015,36015,—,27,—,17664,49,27,380,380,85,85,35635,35635,—,27,27,—,36015,36015,—,27,—,17664,49,27,440,440,30,—,-3846,-874,30,13818,36015,36015,—,27,—,17664,49,27,440,440,30,—,-3846,-874,30,—,36015,36015,—,27,—,17664,49,27,440,440,30,—,-3846,-874,30,—,440,440,30,—,-3846,-874,30,36015,36015,—,27,—,17664,49,27,380,380,85,85,35635,35635,—,27,27,—,—,—,—,—,—,—,—,—,—,
06/30/2024,39071,38718,38718,—,22,19383,19335,50,22,38329,38329,—,22,22,—,—,—,389,389,73,73,353,353,28,4841,-4488,-1271,28,—,—,—,—,39071,38718,38718,—,22,19383,19335,50,22,38329,38329,—,22,22,389,389,73,73,353,353,28,4841,-4488,-1271,28,—,38718,38718,—,22,19383,19335,50,22,38329,38329,—,22,22,—,—,—,—,—,—,—,353,353,28,4841,-4488,-1271,28,38718,38718,—,22,19383,19335,50,22,389,389,73,73,38329,38329,—,22,22,24224,38718,38718,—,22,19383,19335,50,22,353,353,28,4841,-4488,-1271,28,14847,38718,38718,—,22,19383,19335,50,22,353,353,28,4841,-4488,-1271,28,—,38718,38718,—,22,19383,19335,50,22,353,353,28,4841,-4488,-1271,28,—,353,353,28,4841,-4488,-1271,28,38718,38718,—,22,19383,19335,50,22,389,389,73,73,38329,38329,—,22,22,—,—,—,—,—,—,—,—,—,—,
